5160 6494
2067 524 2138 612 lx

272 759 308 820 et
329 747 466 820 Palicis
489 753 766 843 conscripserat,
790 758 917 842 sponte
941 748 1077 838 obtulit,
1101 755 1216 844 etqui
1240 757 1365 843 postea
1387 749 1456 821 boc
1479 768 1569 820 anno
1592 768 1728 818 mecum
1751 766 1874 818 omnes
1892 744 1975 818 illos
1996 745 2142 818 codices

271 898 398 965 iterum
422 903 668 986 perscrutatus
692 905 764 984 est3
801 903 1017 988 quapropter
1045 897 1077 964 si
1109 895 1191 986 quid
1214 897 1247 964 in
1271 893 1337 964 hac
1360 893 1439 965 libri
1462 904 1561 988 parte
1584 895 1781 964 invenietur
1803 889 2027 978 laudandum,
2063 893 2141 982 ejus

271 1022 386 1108 laudis
409 1059 478 1109 non
502 1040 672 1109 minorem
694 1049 829 1133 partem
851 1041 885 1108 ei
908 1037 1062 1109 adscribi
1086 1035 1180 1109 volo.
1235 1035 1382 1110 Tertius
1400 1048 1458 1110 est
1470 1043 1525 1111 vir
1542 1035 1632 1136 mihi'i
1645 1039 1883 1108 amicissimus
1905 1035 1952 1108 K.
1964 1033 2011 1106 Ε.
2022 1031 2144 1148 matt,

272 1186 329 1275 qui
355 1204 458 1275 quum
482 1186 518 1253 in
539 1183 627 1254 urbe
650 1181 857 1255 Tranlrebar
879 1203 1064 1256 sacrorum
1087 1184 1248 1254 minister
1270 1191 1308 1254 et
1327 1187 1577 1256 missionarius
1601 1192 1720 1268 esset,
1756 1180 1934 1253 literarum
1957 1189 1994 1251 et
2016 1171 2144 1272 linguae

242 1341 249 1347 ·
272 1323 466 1397 Tamulicae
488 1330 533 1398 ita
557 1327 696 1399 deditus
720 1337 812 1414 erat,
844 1336 882 1399 ut
902 1327 1008 1420 hujus
1030 1325 1160 1419 linguae
1178 1323 1417 1418 peritissimus
1441 1334 1476 1399 in
1498 1334 1643 1424 patriam
1666 1334 1921 1414 reverteretur3
1952 1329 2142 1398 ismeeum
2176 1291 2182 1298 ι

271 1491 394 1541 omnes
417 1471 563 1544 codices
587 1470 792 1544 Tamulicos
815 1494 920 1566 quum
943 1469 1168 1543 bibliothecae
1190 1475 1301 1566 regiae
1322 1481 1394 1544 turm
1414 1477 1658 1546 universitatis
1670 1471 1885 1544 Havniensis
1903 1467 2142 1564 perlustravit,

162 1713 166 1724 Ι
273 1617 377 1708 eique
401 1579 500 1708 paene
522 1621 638 1690 omnia
659 1618 792 1706 debeo,
816 1617 961 1712 praede
983 1614 1039 1687 his
1063 1617 1247 1690 codicibus
1269 1628 1432 1690 annotata
1454 1629 1546 1690 sunt.

410 1780 413 1786 ·
472 1759 522 1832 Ut
543 1765 610 1833 viri
633 1761 812 1834 literarum
836 1762 1030 1834 Indicarum
1054 1763 1207 1834 studiosi
1242 1784 1313 1833 uno
1341 1762 1424 1836 loco
1453 1761 1604 1835 collecta
1638 1761 1807 1833 haherent
1829 1764 1961 1848 omnia,
1999 1780 2077 1853 quae
2100 1758 2143 1829 ad

176 1937 183 1946 ·
270 1908 547 1997 cognoscendos
576 1901 722 1979 codices
745 1907 900 1994 Indicos,
924 1911 982 2002 qui
1006 1912 1041 1977 in
1064 1907 1289 1979 bibliothecis
1313 1907 1575 1980 Havniensibus
1598 1917 1840 2009 asservantur,
1863 1908 2056 2000 pertinent,
2079 1925 2144 1976 rex

270 2055 547 2145 augustissimus
576 2053 725 2124 indicem
748 2052 913 2146 subjungi
943 2052 1056 2124 voluit
1079 2053 1239 2124 codicum
1272 2050 1496 2123 bibliothecae
1526 2055 1769 2124 universitatis
1796 2050 2031 2138 llavniensis3
2066 2071 2144 2143 pute

269 2195 484 2268 bibliotheca
504 2201 652 2290 copiam,
676 2221 777 2291 quam
800 2198 975 2291 possidet,
998 2197 1159 2268 codicum
1181 2195 1381 2268 Indicorum
1405 2205 1441 2269 et
1462 2196 1677 2268 lrdnicorum
1701 2196 1840 2269 duobus
1863 2200 2021 2291 inprimis
2041 2197 2145 2269 dehet

272 2343 360 2414 viris
383 2342 604 2414 doctissimis
628 2341 862 2415 Nathanaeli
889 2341 1050 2415 Walh'clr
1072 2352 1108 2414 et
1129 2339 1292 2415 erasmo
1320 2339 1436 2413 east.
1501 2339 1663 2432 Quorum
1692 2345 1807 2435 prior,
1841 2363 2046 2436 quamquam
2074 2363 2143 2412 am-

272 2485 434 2580 plissimo
458 2489 549 2581 apud
572 2498 719 2561 exteros
743 2509 887 2560 munere
903 2487 1136 2582 fungebatur,
1159 2491 1304 2581 patriam
1326 2475 1440 2558 tamen
1463 2497 1499 2558 et
1521 2465 1804 2574 universitatem,
1838 2491 1874 2558 in
1902 2509 1970 2582 qna
1991 2491 2143 2558 nutritus

271 2645 357 2722 erat,
381 2654 524 2726 semper
539 2635 596 2727 pia
617 2637 785 2706 memoria
808 2633 930 2720 coluit,
954 2654 1128 2727 quuruque
1152 2631 1322 2704 Calenttac
1342 2631 1447 2704 horto
1469 2633 1635 2706 botanico
1653 2633 1842 2726 praelectus
1863 2642 1976 2721 esset,
1999 2636 2146 2726 egregia

271 2776 483 2849 liberalitate
507 2777 746 2850 Calcuttensis
770 2777 915 2872 collegii
939 2789 974 2849 et
996 2782 1182 2849 societatis
1206 2779 1376 2849 Asiaticae
1398 2776 1550 2870 adjutus,
1573 2801 1730 2870 magnam
1755 2781 1891 2872 copiam
1918 2777 2087 2850 librorum
2110 2787 2146 2849 et

271 2923 433 2995 codicum
463 2922 663 2995 Indicorum
692 2928 936 2996 universitatis
969 2933 1102 2997 nostrae
1131 2928 1244 3018 gratia
1266 2927 1402 3018 paravit
1429 2945 1575 3018 eamque
1610 2946 1630 2994 e
1658 2944 1723 2995 sua
1746 2923 1915 2996 librorum
1946 2945 2040 3016 penu
2061 2943 2144 3016 sup·

272 3065 382 3160 plevit
408 3077 443 3139 et
476 3067 610 3163 saepius
648 3074 751 3142 novis
786 3071 889 3143 donis
926 3069 1158 3165 amplificavit.
1222 3069 1381 3142 llaslrius
1416 3091 1520 3164 quum
1554 3071 1589 3139 in
1616 3068 1716 3140 urbe·
1734 3068 1896 3161 Bombay
1925 3090 2016 3140 anno
2045 3065 2142 3139 1821

271 3211 487 3301 morabatur,
524 3216 683 3288 mandatu
716 3221 982 3304 universitatiS‚
1019 3238 1176 3308 magnam
1205 3215 1366 3288 codicum
1395 3215 1612 3286 lra'nieorum
1642 3218 1777 3308 copiam
1808 3218 2041 3308 comparavit,
2077 3236 2145 3308 qua
2242 3258 2250 3266 =

270 3356 347 3429 haec
369 3357 581 3432 bibliotheca
604 3372 754 3434 caeteras
778 3361 973 3451 antecellit,
1003 3367 1098 3434 sicut
1115 3366 1187 3456 jam
1209 3361 1343 3454 pridem
1367 3360 1536 3432 thesauro
1560 3361 1723 3432 codicum
1754 3327 2010 3432 lslandicorum
2039 3358 2145 3452 longe
2197 3409 2201 3416 .

271 3503 518 3594 antecellebat3
555 3511 590 3576 in
619 3529 660 3578 ea
689 3531 782 3579 nunc
810 3519 952 3580 exstant
981 3510 1127 3586 codices
1156 3507 1301 3578 Zindiei
1330 3517 1366 3578 et
1394 3505 1576 3594 Pithlvici,
1614 3507 1743 3602 quibus
1780 3527 1896 3599 nequo
1926 3508 2145 3576 vetustiores

270 3670 385 3742 neque
406 3649 575 3721 meliores
598 3654 634 3721 in
657 3623 754 3722 India
776 3661 812 3722 et
833 3649 974 3742 Persia,
997 3654 1124 3724 nedum
1147 3655 1342 3724 incaeteris
1365 3655 1474 3722 terris
1496 3655 1725 3724 inveniantur.
1784 3649 1943 3722 Rashius
1975 3657 2149 3744 praeterea

232 3838 239 3848 -
273 3813 318 3862 ex
339 3791 436 3863 India
458 3795 618 3865 codicem
636 3793 846 3865 Bhattauum
867 3795 981 3867 attulit
999 3805 1035 3868 et
1049 3795 1273 3868 bibliothecae
1294 3797 1387 3868 dono
1407 3795 1558 3866 tradidit.
1613 3794 1801 3866 Laudanda
1822 3815 1964 3887 qnoque
1983 3804 2040 3866 est
2061 3794 2146 3866 libe·

272 3934 405 4024 nalitus,
429 3959 497 4032 qua
518 3947 594 4010 tres
612 3942 679 4009 viri
700 3939 907 4034 amplissimi
926 3939 963 4012 J.
985 3938 1158 4038 Ilebltop,
1181 3939 1264 4011 olim
1278 3940 1357 4011 urbi
1376 3938 1582 4011 Tranlrebar
1602 3938 1805 4034 praelectus
1827 3939 1872 4012 A.
1886 3939 1924 4012 0.
1940 3939 2141 4033 Teilmotm,
2171 3923 2178 3937 ’

271 4085 494 4154 venationum
517 4087 552 4156 in
573 4083 654 4157 aula
675 4081 865 4178 magister,
892 4082 948 4156 M.
971 4084 1017 4156 H.
1043 4084 1296 4182 Hodleudorp,
1324 4085 1406 4156 olim
1429 4083 1622 4178 theologiae
1644 4083 1833 4178 professor
1855 4090 1891 4157 in
1912 4090 2143 4160 universitate

270 4235 412 4314 nostra,
453 4229 700 4302 bibliothecam
737 4239 821 4301 octo
850 4230 1033 4318 codicibus
1062 4217 1257 4305 Tamalicis
1291 4234 1435 4324 majoris
1463 4233 1658 4304 minorisve
1686 4217 1851 4302 momenti
1880 4231 2049 4318 ditarunt,
2084 4235 2144 4326 qui

271 4373 349 4442 suis
377 4371 469 4444 locis
499 4378 762 4464 commemorati
789 4386 881 4447 snut.
947 4372 1077 4447 Caeteri
1106 4375 1252 4448 codices
1277 4375 1388 4447 ludici
1417 4379 1563 4448 incertis
1591 4377 1811 4469 temporibus
1841 4381 1876 4447 in
1897 4373 2143 4447 bibliothecam

272 4489 518 4609 pervenerunt.
776 4499 780 4516 “
1532 4515 1536 4522 ”

474 4661 554 4734 dam
574 4665 706 4757 pridem
727 4673 832 4736 notus
852 4674 888 4735 et
909 4688 929 4736 a
952 4665 1067 4736 doctis
1091 4642 1290 4736 hominibus
1314 4665 1515 4737 celebratus
1540 4673 1598 4737 est
1619 4686 1743 4760 regum
1765 4663 1891 4736 Daniae
1914 4687 2001 4758 erga
2028 4664 2143 4737 studia

179 4889 183 4894 Δ
273 4801 470 4878 Orientalia
491 4808 592 4879 favor
615 4819 651 4879 et
672 4807 866 4880 liberalitas
889 4830 1033 4880 summa.
1086 4809 1176 4902 Ejus
1198 4808 1332 4882 favoris
1354 4795 1414 4882 hic
1435 4811 1526 4883 liber
1555 4832 1685 4882 novum
1708 4811 1952 4882 documentum
1975 4819 2048 4906 est3
2084 4813 2142 4902 qui

272 4953 306 5032 oi
326 4973 346 5024 o
363 4939 453 5023 viris
471 4952 588 5025 doctis
608 4974 745 5026 summo
763 4953 834 5025 boc
850 4953 973 5039 lavore
992 4976 1063 5026 non
1081 4955 1245 5048 indignus
1263 4956 1443 5049 judicatus
1461 4954 1583 5044 suerit,
1609 4957 1703 5050 quod
1726 4953 1835 5042 volui,
1859 4962 2049 5026 assecutus
2067 4974 2141 5025 ero.

376 5151 535 5224 Hcont'ce
557 5153 591 5225 d.
615 5153 702 5227 XI!
724 5177 769 5226 m.
792 5152 890 5228 Noc.
914 5153 1172 5228 MDCCCXL
1183 5153 1249 5227 VI.

1503 5352 1564 5423 Ν.
1590 5354 1649 5423 Β.
1681 5332 2035 5436 'Vmerorum-rt·
