5160 6494
435 521 504 612 Vl

435 745 547 816 iorma
569 742 823 830 describenda,
847 761 1053 836 quamquam
1071 721 1143 835 jahn
1165 751 1237 812 tum
1259 739 1460 814 valetudine
1482 741 1603 814 allecta
1633 754 1726 832 erat,
1760 747 1920 838 gnaviter
1941 752 2055 815 tamen
2077 741 2309 832 interfuisset,

374 917 376 925 ’
435 901 562 984 postea
584 897 685 962 aucta
707 886 904 958 infirmitate
927 889 1111 980 corporis,
1142 885 1320 960 Lnbecam
1344 907 1386 958 se
1408 891 1444 957 in
1467 890 1574 959 otium
1598 890 1793 979 transtulit,
1809 910 1902 981 ,mox
1925 887 2102 960 Dresdam
2126 887 2310 982 proiectus

435 1035 483 1104 ibi
501 1041 545 1123 (a.
566 1029 864 1114 MDCCCXLlll
883 1031 914 1101 d.
933 1028 1044 1101 XXV
1070 1053 1114 1101 m.
1133 1028 1236 1116 Julii)
1262 1031 1423 1104 mortuus
1446 1043 1519 1121 est3
1542 1037 1590 1104 ita
1612 1032 1740 1129 reliqui
1763 1043 1850 1121 tres,
1873 1053 1965 1128 quos
1989 1033 2152 1122 diximus,
2176 1036 2322 1142 negotii

436 1201 554 1251 curam
577 1176 649 1249 soli
673 1177 880 1249 babuerunt.
934 1171 1026 1265 Qua
1048 1176 1091 1247 ab
1114 1175 1277 1248 omnibus
1301 1187 1451 1272 quatuor
1474 1177 1517 1248 de
1539 1178 1663 1250 ordine
1685 1183 1738 1252 rei
1760 1178 1928 1273 gerendoe
1946 1182 2136 1250 constituta
2154 1187 2190 1249 et
2211 1147 2310 1271 regis

435 1327 680 1418 augustissimi
702 1342 858 1394 assensn
875 1321 1102 1415 comprobata
1119 1331 1212 1408 sunt,
1233 1319 1304 1416 legi
1322 1333 1476 1416 possunt
1494 1325 1528 1393 in
1556 1321 1772 1418 Werlunffii
1790 1323 1880 1394 libro
1902 1325 1945 1394 de
1968 1321 2179 1395 bibliotheca
2199 1283 2309 1416 regia,

435 1475 561 1542 iterum
584 1469 702 1555 edito,
724 1491 757 1561 p.
781 1464 856 1536 379
877 1469 1130 1561 proximisque.

637 1612 866 1708 Exqunendi
889 1615 1010 1718 operis
1033 1615 1165 1682 initium
1189 1612 1306 1684 lacere
1334 1617 1449 1683 visum
1473 1622 1531 1682 est
1552 1636 1573 1684 a
1595 1613 1779 1685 codicibus
1803 1610 2064 1700 Orientalibus,
2088 1633 2193 1707 qunm
2216 1611 2310 1705 quod

435 1759 563 1841 inhoc
589 1777 721 1852 genere
745 1755 851 1827 mnlta
873 1765 909 1828 et
930 1755 1101 1849 praeclara
1123 1767 1159 1828 et
1181 1779 1302 1851 parum
1324 1767 1406 1829 nota
1428 1757 1642 1830 bibliotheca
1664 1757 1779 1845 habet,
1807 1769 1856 1847 ut,
1881 1761 1914 1830 si
1937 1781 1957 1828 a
1979 1756 2163 1829 codicibus
2187 1757 2310 1828 adres

436 1902 736 1998 septentrionales
770 1901 1027 1995 pertinentibus
1057 1901 1293 1990 discesseris,
1337 1901 1433 1973 nullo
1463 1907 1498 1972 in
1535 1904 1694 1975 codicum
1729 1924 1861 1996 genere
1889 1906 2001 1995 magis
2030 1901 2198 1990 excellat,
2239 1914 2311 1975 tum

436 2051 529 2145 qnod
555 2052 626 2142 jam
655 2059 735 2120 ante
765 2049 802 2120 in
826 2045 942 2140 aliqua
963 2056 1063 2139 parte
1085 2048 1245 2118 codicum
1270 2045 1525 2138 Orientalium,
1565 2049 1757 2122 Semiticos
1780 2050 1946 2135 dicimus,
1986 2070 2055 2120 non
2078 2071 2188 2140 pauca
2210 2051 2311 2141 operi

435 2203 628 2289 praeparata
652 2203 761 2264 erant.
826 2188 964 2260 Caetera
991 2191 1152 2262 codicum
1174 2214 1306 2286 genera
1337 2192 1518 2277 nonnihilo
1546 2193 1786 2304 molestiorem
1810 2205 1869 2266 aut
1898 2205 1997 2266 certe
2027 2192 2201 2286 longioris
2225 2204 2311 2265 tern-

435 2342 534 2434 poris
557 2337 685 2408 babent
706 2338 965 2422 tractationem
990 2359 1065 2406 nam
1089 2359 1203 2431 neque
1226 2339 1371 2410 codices
1392 2336 1513 2410 Graeci
1533 2349 1568 2411 et
1588 2337 1700 2410 Latini
1725 2349 1822 2410 recte
1844 2340 2031 2410 recenseri
2052 2347 2216 2432 possunt,
2242 2339 2310 2408 nisi

435 2485 565 2570 abeo,
597 2485 656 2576 qui
679 2485 714 2552 in
736 2489 939 2571 exterorum
961 2479 1204 2571 bibliotheciS,
1240 2485 1300 2556 nbi
1327 2488 1437 2578 major
1459 2483 1659 2578 hujusmodi
1681 2484 1842 2555 codicum
1866 2489 1968 2578 copia
1998 2494 2074 2572 est,
2110 2480 2310 2554 facultatem

436 2639 472 2700 et
495 2649 596 2699 nsum
619 2648 790 2720 generum
816 2635 1024 2720 aetatnnqne
1052 2631 1333 2702 aestimandamn
1356 2633 1509 2723 paravit,
1545 2640 1598 2718 et,
1628 2632 1687 2724 qui
1710 2630 1754 2700 ad
1776 2651 1913 2701 omnem
1937 2633 2173 2700 recentiorum
2197 2649 2311 2722 popu·

436 2774 548 2846 lorum
578 2771 762 2844 historiam
791 2772 1000 2866 litterasque
1029 2777 1218 2866 pertinent,
1259 2797 1405 2846 numero
1433 2786 1469 2847 et
1495 2778 1702 2847 diversitate
1725 2776 1917 2868 disponere
1941 2785 1977 2846 et
2008 2774 2215 2846 describere
2251 2794 2311 2844 eo·

435 2929 574 2991 nantem
602 2941 703 3012 paene
732 2918 895 2991 obruunt.
948 2917 1022 2990 Sed
1052 2916 1285 2990 Orientalium
1313 2921 1474 2993 codicum
1504 2919 1633 3014 duplex
1662 2930 1719 2990 est
1747 2924 1781 2990 in
1809 2919 2023 2992 bibliotheca
2056 2923 2155 3013 regia
2178 2939 2310 3014 genus3

435 3064 536 3136 alteri
559 3065 651 3134 enim
683 3064 727 3135 ad
755 3063 892 3135 litteras
922 3063 1128 3150 SemitieaS,
1163 3061 1337 3137 Persicas
1367 3077 1401 3138 et
1429 3065 1602 3138 Tureicas
1631 3067 1822 3157 portinent,
1863 3067 1954 3136 inter
1988 3085 2079 3158 quos
2114 3061 2310 3151 excellunt,
2431 3099 2434 3106 ’

436 3213 494 3304 qui
524 3209 702 3281 Corstuni
730 3207 902 3282 Niebuhr
924 3231 1034 3304 opera
1062 3212 1097 3280 in
1119 3209 1228 3280 nobili
1250 3208 1310 3279 illa
1331 3232 1396 3302 per
1419 3213 1541 3284 Asiam
1565 3211 1849 3304 peregrinatione
1872 3212 2063 3303 comparati
2086 3221 2187 3298 sunt,
2207 3209 2311 3286 alteri

436 3357 479 3427 ad
500 3355 652 3441 Indicas,
678 3376 827 3448 quornm
850 3365 886 3425 et
907 3353 1046 3450 plurimi
1069 3364 1105 3426 et
1126 3358 1410 3448 praestantissimi
1431 3357 1473 3428 ab
1499 3354 1659 3428 Erumpo
1682 3351 1804 3436 east,
1826 3357 1904 3425 viro
1924 3353 2181 3442 illustrissimo,
2209 3375 2310 3449 quem

435 3498 564 3573 acerba
585 3510 700 3584 morte
723 3503 923 3587 amisimus,
957 3522 1002 3571 ex
1026 3498 1122 3571 lndia
1143 3500 1281 3586 advecti
1307 3514 1399 3572 sunt.
1462 3501 1511 3573 Et
1536 3500 1785 3572 Semiticorum
1810 3499 1947 3592 quidem
1971 3501 2150 3588 codicum,
2188 3498 2312 3572 Persi·

437 3669 576 3734 eornm,
605 3642 840 3715 Turoicorum
869 3644 1085 3738 catalogum,
1108 3648 1180 3738 jam
1203 3655 1283 3719 ante
1305 3646 1520 3736 inchoatum,
1548 3657 1584 3719 et
1606 3645 1701 3741 quod
1723 3647 1766 3717 ad
1789 3644 1934 3718 codices
1957 3645 2134 3718 Ebraicos
2164 3656 2200 3717 et
2221 3647 2311 3717 Ara-

436 3794 539 3865 bicus
571 3794 710 3878 attinet,
743 3801 914 3884 exparte
945 3790 1162 3863 elaboratum
1197 3793 1325 3864 studiis
1355 3789 1529 3866 Matthia
1559 3791 1725 3888 Hoqnt'ni
1755 3787 1990 3888 Hohlmtberp
2023 3802 2059 3863 et
2088 3791 2216 3863 Caroli
2246 3775 2308 3901 Ph.

435 3937 667 4022 Johannsen,
702 3933 947 4028 professorum
976 3935 1245 4032 llavniensinm,
1289 3961 1381 4032 quos
1411 3938 1538 4011 litteris
1566 3957 1663 4009 rnors
1693 3910 1838 4030 eripuit,
1868 3937 2121 4010 absolvendum
2150 3939 2312 4029 suscepit

436 4082 570 4156 ductus
595 4077 818 4162 Odrhuusm,
839 4102 932 4152 unus
955 4084 1088 4169 exiis,
1113 4085 1171 4174 qni
1194 4085 1364 4154 universo
1387 4087 1532 4175 negotio
1555 4093 1728 4176 praesunt3
1752 4083 1794 4153 ad
1818 4081 2016 4152 lndioorum
2039 4080 2199 4151 codicum
2218 4089 2311 4150 eata·

438 4230 556 4323 logum
575 4226 830 4301 conficiendum
851 4227 1102 4320 percommode
1130 4246 1216 4299 sese
1236 4227 1362 4298 obtulit
1384 4231 1529 4322 egregia
1552 4228 1710 4299 doctrina
1734 4236 1769 4298 et
1789 4225 1961 4296 industria
1984 4225 2131 4297 duorum
2154 4227 2310 4296 virorum

437 4370 509 4444 illis
525 4370 659 4444 litteris
680 4331 991 4459 deditissimornm,
1015 4375 1162 4464 primum
1180 4349 1366 4443 bhideadci
1378 4369 1543 4469 Spiepel,
1565 4371 1802 4466 philosophiae
1825 4371 1996 4457 doctoris
2019 4367 2161 4456 Bavari,
2186 4369 2312 4441 deinde

434 4517 487 4590 N.
517 4515 702 4589 Lrtdooica'
738 4517 1030 4615 Wecterqaurd,
1071 4523 1263 4608 nostratis,
1301 4511 1498 4612 linguarum
1521 4517 1753 4592 Orientalium
1776 4539 1868 4588 nune
1890 4517 1981 4608 apnd
2002 4535 2069 4586 nos
2089 4499 2311 4607 professoris

436 4663 643 4750 clarissimi,
667 4667 726 4757 qni
750 4673 857 4734 totam
879 4663 968 4736 hane
991 4668 1181 4770 partemin
1205 4651 1366 4736 ordinem
1386 4666 1610 4758 digerendam
1635 4674 1671 4736 et
1692 4638 1942 4737 absolvendam
1966 4664 2137 4753 suscepit.
2191 4659 2312 4754 ltaque

436 4832 540 4903 quum
564 4811 643 4901 ejus
666 4811 825 4879 universi
849 4807 1002 4901 catologi
1029 4813 1158 4903 partis,
1192 4831 1271 4902 quae
1293 4811 1439 4882 codices
1463 4806 1668 4884 Orientales
1691 4807 2022 4902 comprehenderet,
2053 4806 2123 4876 duo
2150 4802 2311 4877 fasciculi

436 4977 602 5028 seorsum
630 4958 728 5049 typis
757 4953 913 5026 describi
941 4957 1059 5048 coepti
1090 4963 1230 5041 essent,
1267 4953 1357 5026 alter
1383 4955 1633 5027 Semiticorum
1669 4956 1830 5028 codicum
1861 4974 1940 5024 eum
1968 4949 2132 5022 Persicis
2163 4960 2199 5022 et
2220 4948 2312 5022 'lur-

436 5104 544 5190 eicis,
578 5101 667 5173 alter
690 5102 908 5186 Indicorum,
945 5103 994 5187 is,
1019 5103 1077 5194 qni
1105 5061 1248 5171 lndicos
1278 5103 1452 5188 continet,
1488 5101 1581 5194 quod
1610 5097 1884 5196 Westerguord
1910 5100 1989 5190 ipse
2018 5117 2180 5190 praesens
2209 5106 2311 5189 typo·

434 5243 607 5315 thetarum
635 5269 779 5340 operam
802 5269 933 5341 urgere
961 5257 997 5317 et
1018 5266 1146 5338 regere
1168 5255 1327 5340 poterat,
1362 5249 1462 5339 prius
1491 5245 1677 5318 absolutus
1705 5267 1797 5316 nune
1825 5242 2025 5336 evulgatum
2059 5243 2102 5314 de
2133 5263 2203 5336 quo
2233 5261 2312 5334 quae

438 5395 626 5482 separatim
649 5394 896 5492 praemonenda
918 5403 1018 5478 sunt,
1043 5394 1157 5486 ipsius
1188 5390 1489 5486 Wecterpaardii
1510 5390 1631 5463 verbis
1654 5387 1931 5484 exposita'hanc
1953 5385 2193 5483 praelationem
2216 5389 2311 5458 exci-

435 5537 544 5629 piunt.
597 5537 686 5609 Illud
704 5538 821 5608 doctis
843 5538 1043 5612 hominibus
1066 5533 1203 5631 gratum
1220 5536 1298 5609 lore
1316 5558 1515 5630 speramns,
1539 5536 1644 5631 qnod,
1668 5535 1918 5630 comprobante
1937 5555 2024 5627 rege
2042 5535 2310 5626 angustissimo,

435 5684 517 5756 hnic
541 5681 693 5778 catalogi
720 5683 892 5757 fasciculo
915 5685 1082 5780 adjectus
1097 5695 1155 5756 est
1178 5685 1282 5756 index
1313 5684 1472 5756 codicum
1501 5683 1700 5756 Indicorum
1729 5691 1764 5754 et
1792 5681 2026 5768 lranicornm,
2048 5683 2108 5774 qui
2130 5681 2165 5750 in
2187 5676 2313 5750 biblio·
