5160 6494
1118 494 1178 588 85

590 702 739 868 mur.

425 919 647 993 collectio
680 923 907 993 carminum

487 1035 531 1123 [ε’
543 1047 653 1104 collect.
676 1041 849 1119 Fuglsang.]

313 1209 437 1286 Codex
455 1211 553 1308 ‚lolia
587 1210 661 1283 169
693 1209 883 1304 palmarum
917 1212 1121 1294 contincnS,

211 1336 344 1428 digitos
372 1339 499 1429 quinos
523 1335 635 1406 denos
658 1333 784 1426 longa,
814 1353 962 1426 quorum
984 1333 1121 1423 paginae

210 1479 319 1529 senas
342 1455 455 1530 lineas
479 1456 615 1528 habent.
748 1507 757 1516 -

313 1577 446 1651 Codice
483 1583 705 1651 continentur
743 1576 924 1671 complura
969 1577 1122 1646 carmina

210 1700 392 1775 Tamuliea
420 1705 508 1774 varii
537 1704 731 1795 argumenti
760 1711 796 1806 et
823 1723 842 1772 a
870 1702 980 1770 variis
1003 1701 1121 1791 poetis

209 1829 419 1920 composita.
522 1857 527 1866 ’

583 2052 753 2166 XXVII.

425 2249 647 2324 Collectio
677 2252 908 2322 carminum

311 2434 436 2507 Codex
475 2435 560 2510 lolia
599 2432 647 2506 *lll
686 2433 877 2528 palmarum
916 2437 1121 2522 continenS,

207 2581 288 2654 quae
310 2557 378 2630 alia
404 2555 495 2631 alins
525 2559 754 2653 longitudinis
784 2567 885 2645 sunt,
915 2555 1122 2650 plerumque

206 2703 296 2753 vcro
329 2685 471 2755 ternos·
487 2680 600 2752 denos
630 2682 761 2774 digitos
794 2680 910 2774 longa.
977 2677 1123 2772 Paginac

206 2814 409 2910 teruastaut
431 2814 619 2898 quaternas
641 2803 755 2876 lineas
777 2803 913 2876 habent.

310 2925 445 2999 Codice
486 2931 709 2999 continentur
751 2926 930 3021 complura
970 2929 1123 2998 carmina

206 3054 360 3138 minora,
384 3072 488 3143 quum
511 3071 616 3120 sacra
637 3059 708 3120 tum
731 3049 886 3144 prolana.

569 3278 761 3392 XXVIII.

294 3497 1040 3593 lllanavaila-Nardyapansadagam

481 3621 516 3699 (c
539 3625 648 3681 collect.
670 3624 843 3701 Fuglsang.]

308 3786 432 3860 Codex
458 3787 542 3864 lolia
568 3790 615 3862 51
644 3791 832 3886 palmarum
853 3795 1050 3880 continens,
1074 3793 1123 3862 di·

172 3915 304 4004 ·gitos
345 3921 518 4006 septenos
558 3914 670 3986 denos
706 3925 742 3986 et
779 3916 954 3986 dimidium
995 3914 1121 4008 longa,

207 4057 356 4129 quornm
379 4038 516 4129 paginae
539 4048 727 4131 quaternas
750 4037 862 4109 liueas
886 4037 1021 4110 liabent.

310 4157 445 4230 Codice
464 4163 662 4231 continetur
685 4182 844 4247 carmen,
868 4162 962 4254 quod
984 4172 1121 4234 centum

207 4282 374 4353 versibus
408 4297 530 4362 (m)
565 4293 716 4371 constat,
740 4287 774 4354 in
796 4283 933 4354 laudem
956 4295 992 4356 et
1012 4284 1123 4357 liono-

208 4426 282 4475 rem
315 4406 462 4498 Vispuis
495 4410 575 4478 sive
609 4406 831 4503 Nordyopce
861 4431 881 4478 a
914 4407 1124 4482 Manacarta

208 4528 358 4621 quodam
377 4533 623 4623 compositum,
646 4531 737 4600 unde
751 4527 887 4601 titulum
901 4529 1124 4605 Munavdla·

208 4648 642 4748 Ndrdpandm-sudopum
662 4655 822 4745 sumpsit.
852 4651 938 4738 (Csr.
954 4655 1124 4727 Mackcu-

208 4777 263 4844 nie
285 4773 367 4846 coll.
390 4774 460 4847 vol.
487 4775 520 4845 l.
545 4799 576 4868 p.
600 4774 685 4845 226.
709 4775 778 4847 Νο.
802 4775 877 4863 ll.)

597 5059 742 5174 XXIX.

424 5289 903 5387 Perumal·tirn·pugair

311 5509 435 5580 Codex
449 5507 533 5581 lolia
551 5508 598 5584 77
614 5511 801 5606 palmarum
820 5517 1017 5603 continens,
1041 5537 1123 5609 scp-

211 5643 313 5704 teuos
343 5633 455 5704 denos
485 5634 616 5727 digitos
650 5633 772 5727 longa;
807 5659 955 5730 quorum
986 5641 1123 5732 paginae

212 5765 397 5870 quaternas
420 5767 479 5828 aut
501 5760 625 5852 quinas
648 5755 760 5830 lineas
783 5758 919 5832 habent.

1275 707 1384 780 Liber
1397 705 1821 802 Peumata-imumque,
1842 711 1900 800 qui
1913 712 1947 778 in
1959 707 2083 778 codice

1174 835 1280 918 inest,
1314 831 1435 900 varios
1462 828 1613 920 hymnos
1646 836 1682 897 et
1710 831 1862 898 carmina
1890 831 1924 898 iu
1941 828 2083 900 ¹laudem

1176 953 1324 1043 Vispuis
1348 953 1543 1044 composita
1567 952 1731 1020 continet.

1564 1175 1691 1288 XXX.

1389 1373 1866 1467 Perumal-tiru·pugilr

1276 1557 1400 1630 Codex
1438 1556 1522 1628 lolia
1561 1556 1611 1628 83
1650 1556 1839 1651 palmarum
1879 1563 2085 1646 coutinenS,

1174 1683 1305 1774 digitos
1324 1702 1436 1751 senos
1461 1681 1573 1752 denos
1596 1690 1632 1752 et
1655 1681 1829 1750 dimidium
1856 1680 1974 1772 longa,
1998 1707 2085 1776 quo·

1173 1828 1248 1875 rum
1273 1806 1422 1897 paginae,
1450 1803 1528 1874 rudi
1552 1807 1728 1898 scriptura
1756 1816 1920 1891 exaratae,
1947 1817 2084 1898 quater-

1173 1949 1237 1998 nas
1274 1936 1333 1998 aut
1364 1929 1488 2019 quinas
1511 1925 1623 1997 lineas
1655 1926 1792 1996 hahent.
1821 1937 1825 1948 “
1859 1927 1916 1996 Ad
1953 1927 2085 1998 calcem

1174 2049 1310 2118 codicis
1344 2069 1553 2120 sexvacua
1585 2047 1690 2134 lolia,
1725 2057 1760 2118 et
1788 2052 1941 2143 quinque
1971 2049 2085 2122 alicua
2194 2115 2199 2122 ,

1175 2170 1305 2243 nullius
1327 2173 1510 2256 momenti,
1535 2179 1685 2241 exstant.

1276 2293 1316 2364 Iu
1346 2295 1471 2364 codice
1501 2297 1596 2364 inest
1626 2296 1715 2364 idem
1747 2292 1837 2364 liber
1848 2347 1867 2382 „
1891 2293 2085 2368 Pmrmol·

1174 2419 1390 2514 tiam-puysie
1410 2421 1615 2511 inscriptus
1635 2419 1694 2511 qui
1713 2416 1837 2488 codice
1857 2417 1927 2490 No.
1942 2419 2084 2490 XXIX.
2192 2419 2204 2440 “

1175 2543 1315 2632 signato
1339 2543 1550 2646 continetur.

1444 2767 1590 2882 XXXI.
1644 2767 1811 2880 XXXII.

1176 2985 1479 3060 Collectioucs
1508 2989 1756 3082 hymnorum
1786 2999 1827 3059 et
1854 2993 2084 3062 cariniuum

1275 3171 1435 3267 Uterque
1453 3175 1567 3247 codex
1580 3184 1806 3262 nrancusest,
1824 3178 1979 3246 continet
1998 3198 2084 3246 vero

1174 3301 1295 3368 varios
1318 3296 1469 3388 hymnos
1493 3305 1529 3368 et
1556 3301 1729 3386 carmina,
1762 3319 1866 3390 quum
1889 3321 1992 3369 sacra
2015 3310 2084 3370 tum

1175 3419 1335 3513 prolana3
1372 3423 1464 3491 iuter
1492 3428 1570 3515 quae
1592 3421 1957 3524 Asclapo-viratim
1979 3427 2013 3492 in
2036 3423 2084 3492 al-

1174 3553 1252 3613 tero
1276 3543 1402 3615 codice
1425 3543 1509 3630 (No.
1531 3543 1690 3630 XXXI.)
1710 3553 1838 3631 exstat,
1861 3554 1896 3615 et
1914 3543 2085 3616 Ambila-

1175 3665 1311 3736 ammal
1347 3669 1383 3735 in
1421 3665 1544 3737 altero.
1615 3665 1841 3752 (Maclrenzie
1874 3666 2013 3738 collect.
2051 3671 2082 3738 I.

1176 3813 1207 3882 p.
1231 3787 1331 3875 226).
1383 3787 1525 3858 Desunt
1546 3787 1638 3858 tituli
1660 3787 1798 3882 reliqui.

1276 3909 1446 3982 Codicum
1465 3911 1548 3982 lolia
1565 3909 1633 3982 alia
1645 3910 1736 3982 alius
1748 3909 1977 4003 longitudinis
1990 3927 2083 4000 sunt,

1176 4033 1343 4128 pleraque
1378 4057 1466 4106 vero
1500 4035 1632 4128 digitos
1665 4044 1789 4106 ternos
1824 4035 1936 4104 denos
1972 4048 2008 4105 et
2036 4039 2085 4107 di-

1175 4159 1315 4230 midium
1338 4157 1459 4251 louga3
1490 4163 1626 4252 paginae
1652 4157 1857 4252 plerumque
1880 4163 2003 4252 quinas
2027 4173 2086 4232 aut

1174 4293 1361 4375 quaternas
1385 4280 1498 4353 lineas
1521 4281 1659 4353 liabent.
1714 4279 1905 4369 Codicum,
1933 4294 1971 4354 ut
1995 4309 2084 4355 nuuc

1175 4416 1273 4492 sunt,
1309 4404 1399 4476 alter
1421 4404 1504 4490 (No.
1529 4403 1686 4491 XXXI.)
1718 4401 1767 4477 46
1790 4402 1873 4475 lolia
1895 4406 2085 4500 paintarum

1175 4528 1290 4616 habel,
1314 4538 1349 4599 et
1371 4527 1460 4600 alter
1482 4527 1552 4599 No.
1576 4525 1736 4597 XXXII.
1753 4529 1915 4621 signatus
1933 4529 1982 4598 52
2002 4529 2085 4599 l'oIIa

1176 4655 1341 4724 continet.
1811 4663 1813 4670 “

1539 4911 1728 5027 XXXIII.

1253 5193 1257 5202 ’
1313 5164 1949 5261 Tiru-valluviir·aiattu3ppail

1449 5311 1485 5390 (e
1506 5314 1617 5372 collect.
1641 5310 1813 5387 Fuglsaug.)

1276 5511 1400 5585 Codex
1432 5509 1517 5583 lolia
1550 5509 1624 5581 133
1647 5508 1847 5605 ¹palmarum
1879 5520 2082 5603 continens,

1175 5636 1335 5707 undenos
1359 5635 1491 5728 digitos
1522 5633 1645 5730 longa,
1682 5657 1829 5730 quorum
1852 5642 1989 5730 paginae
2012 5645 2084 5734 qui·

1176 5781 1239 5832 nas
1263 5757 1375 5830 lineas
1399 5757 1534 5831 habent.
