5160 6494
1005 1549 1008 1554 ·
1172 1519 1607 1638 annnomrnn.
1700 1487 1702 1494 ’

1302 1777 1479 1826 ummssspuuw

457 1923 613 2097 Quum
635 1998 703 2066 viri
728 1989 948 2091 amplissimi,
972 1996 1031 2087 qui
1054 2015 1074 2066 a
1100 2014 1188 2086 rege
1209 1997 1466 2087 augustissimo
1488 2015 1608 2066 curam
1628 1993 1781 2088 catalogi
1799 1993 1961 2066 codicum
1975 1991 2200 2064 bibliothecae
2218 1995 2329 2085 regite
2430 2074 2434 2080 ¹

457 2141 673 2215 Havuieusis
696 2141 823 2212 edendi
845 2161 975 2232 gerere
998 2141 1095 2231 iussi
1117 2149 1221 2226 sunt,
1256 2138 1356 2228 mihi,
1385 2149 1423 2212 ut
1456 2140 1618 2211 codicum
1649 2139 1848 2210 Indicorum
1882 2137 2079 2231 catalogum
2111 2139 2353 2234 perficerem·

461 2287 698 2374 mandassent,
721 2285 816 2379 quod
833 2284 1029 2356 mandatum
1047 2293 1134 2373 erat,
1157 2287 1193 2356 in
1210 2284 1279 2356 hoc
1291 2283 1395 2375 libro,
1411 2289 1470 2380 qui
1484 2306 1576 2356 nunc
1593 2288 1628 2355 in
1646 2283 1760 2356 lucem
1779 2283 1905 2370 editur,
1924 2287 2052 2378 exequi
2070 2297 2219 2358 conatus
2238 2307 2328 2357 suin.

659 2427 814 2501 Codices
837 2427 958 2516 ludici,
981 2449 1073 2523 quos
1097 2431 1260 2522 possidet
1281 2429 1493 2502 bibliotheca
1515 2433 1627 2522 regia,
1649 2439 1780 2524 practer
1802 2427 2008 2500 Tamulicos
2030 2428 2232 2518 uouuullos,
2257 2450 2329 2502 om·

457 2597 522 2648 nes
551 2577 753 2646 recentiore
780 2583 940 2668 tempore
976 2579 1010 2646 in
1037 2574 1284 2648 bibliothecam
1318 2585 1571 2670 pervenerunt,
1613 2597 1807 2671 eorumque
1835 2573 1996 2670 plerique
2027 2585 2063 2646 et
2098 2578 2218 2669 optimi
2251 2578 2329 2646 viro

458 2740 595 2793 summo
624 2716 784 2791 Eracmo
811 2717 919 2792 Raso
947 2721 1134 2810 debentur,
1170 2725 1356 2816 quiquam
1381 2723 1681 2816 vigintiquinque
1710 2722 1834 2793 abhinc
1864 2741 1975 2791 annos
1999 2719 2177 2792 literarum
2200 2729 2236 2792 et
2267 2719 2330 2790 lin·
2414 2707 2417 2714 ’

458 2887 605 2958 guarum
633 2886 743 2936 causa
770 2869 805 2937 iu
836 2866 932 2938 india
957 2869 1267 2962 peregrinabatur,
1307 2892 1352 2941 ex
1379 2871 1520 2941 viaticis
1550 2871 1704 2938 minutim
1733 2869 1931 2960 comparsis
1960 2865 2156 2960 permultos
2183 2865 2330 2936 codices

463 3015 622 3105 inprimis
634 3009 781 3082 Palieos
803 3020 840 3082 ct
851 3010 1109 3104 Siughaleuses
1133 3017 1360 3107 comparavit,
1384 3034 1534 3106 quorum
1555 3014 1872 3107 praestantissimos
1899 3013 1980 3104 ipse
2003 3031 2047 3082 es
2070 3013 2196 3081 itinere
2217 3010 2330 3081 redux
2423 3061 2426 3068 -

462 3178 551 3228 anno
576 3153 691 3243 1825,
714 3156 931 3250 approbante
953 3161 1210 3250 augustissimo
1232 3178 1321 3250 rege
1342 3155 1567 3228 Fneuunmo
1591 3157 1658 3245 Vl,
1681 3153 1905 3227 bibliothecae
1923 3159 2033 3248 regiae
2050 3155 2203 3243 tradidit,
2226 3177 2330 3248 quum
2438 3187 2444 3194 ·

460 3303 685 3395 promaguis
709 3302 906 3395 sumptibus
935 3323 1001 3376 sua
1029 3323 1139 3375 causa
1162 3301 1265 3375 sactis
1293 3303 1498 3414 reipublicae
1520 3302 1651 3397 aliquid
1678 3301 1825 3372 retribui
1848 3299 1967 3372 vellet.
2031 3298 2215 3388 Caeteros,
2239 3306 2348 3395 quos'

459 3469 528 3518 suo
558 3467 631 3517 aere
661 3442 858 3538 collegerat
881 3447 1027 3518 codices
1056 3447 1218 3536 Indicos,
1252 3459 1336 3542 post
1364 3458 1607 3543 praematuram
1635 3451 1714 3540 ejus
1742 3457 1888 3519 mortem
1918 3445 2026 3516 irater
2055 3443 2099 3514 H.
2129 3443 2174 3516 K.
2203 3442 2331 3526 Roslr,

460 3616 551 3665 nuuc
580 3596 615 3662 in
647 3589 812 3686 parochia
839 3589 991 3664 Nidlose
1019 3615 1203 3668 sacrorum
1229 3596 1410 3682 minister,
1452 3615 1543 3666 anuo
1580 3591 1679 3665 1833
1708 3591 1931 3664 bibliothecae
1960 3612 2094 3662 summa
2124 3589 2331 3662 iiberalitate

460 3740 572 3828 dedit3
607 3760 677 3835 quo
705 3736 832 3810 iactum
863 3748 920 3809 cst
951 3750 988 3811 ut
1014 3743 1050 3810 iu
1077 3739 1289 3812 bibliotheca
1319 3743 1418 3832 regia
1441 3761 1483 3811 ea
1512 3743 1616 3834 copia
1645 3740 1806 3812 codicum
1828 3737 2039 3811 Palicorum
2060 3746 2096 3808 et
2122 3733 2331 3830 Singhaleu·

463 3891 556 3956 sium
586 3893 817 3971 asservetur,
844 3907 911 3978 qua
940 3889 1222 3979 praestantiorem
1246 3897 1305 3958 aut
1326 3889 1493 3979 majorem
1516 3885 1611 3958 nulla
1633 3885 1788 3957 sortasse
1810 3883 2023 3956 bibliotheca
2048 3882 2226 3976 Europaea
2248 3903 2331 3976 pos-

463 4031 586 4100 sideat.
640 4031 744 4098 Anno
769 4026 867 4098 1830
892 4028 1105 4101 bibliotheca
1127 4030 1485 4135 codicespnonnullos
1500 4031 1721 4116 SanscritoS,
1748 4031 1924 4122 scriptura
1941 4027 2135 4120 Bergalica
2153 4035 2330 4113 exaratos,
2422 4051 2427 4058 ·

463 4198 482 4244 a
504 4177 597 4245 viris
620 4171 847 4266 amplissimis
870 4171 917 4244 B.
937 4139 1070 4268 ¹Wolff,
1091 4175 1215 4269 praedii
1237 4175 1342 4270 ampli
1363 4180 1399 4247 in
1421 4175 1588 4248 Selaudia
1611 4177 1763 4262 domino,
1787 4182 1823 4244 et
1839 4171 1877 4244 J.
1890 4171 1936 4243 H.
1949 4171 2102 4255 Mundt,
2124 4175 2332 4264 regiaoon·

463 4318 556 4391 siliis
579 4328 694 4389 status
718 4326 754 4389 et
775 4318 876 4389 urbis
896 4319 1046 4412 llavuiae
1069 4319 1229 4409 consule,
1253 4323 1297 4393 ad
1319 4345 1422 4417 quem
1441 4334 1554 4393 morte
1572 4319 1704 4406 iratriS,
1728 4314 1983 4414 Cdtiotepdord
1998 4315 2152 4400 Mundt,
2175 4315 2333 4408 chirurgi

461 4447 648 4557 legionarii
671 4465 706 4533 iu
728 4463 816 4534 urbe
839 4462 1042 4560 Serampur,
1066 4478 1311 4561 pervenerant,
1335 4470 1428 4540 dono
1452 4470 1598 4560 accepit.
1651 4465 1735 4536 Duo
1759 4465 1905 4537 codices
1928 4468 2105 4558 scriptura
2126 4462 2334 4534 Barmaniea

462 4573 596 4681 exarati
624 4629 645 4679 e
675 4611 939 4702 privataregis
970 4609 1182 4684 bibliotheca
1203 4618 1238 4686 iu
1267 4614 1356 4686 bano
1383 4611 1558 4708 publicam
1584 4610 1743 4683 translati
1771 4621 1869 4700 sunt3
1899 4620 2082 4705 postremo
2113 4589 2333 4679 anno*183‹l

461 4753 665 4849 complures
688 4752 836 4824 codices
859 4753 1050 4842 Tamulici,
1083 4779 1175 4849 quos
1197 4762 1253 4830 vir
1274 4759 1495 4834 reverendus
1518 4756 1569 4830 N.
1592 4755 1631 4829 S.
1653 4755 1845 4853 Fupltanp
1866 4760 2007 4827 ineunte
2030 4753 2165 4827 saeculo
2188 4757 2224 4825 in
2246 4753 2334 4824 urbe

463 4898 669 4972 Tranlrebar
691 4897 904 4992 collegerat,
928 4899 970 4972 ab
994 4899 1196 4975 haeredibus
1219 4910 1325 4999 empti
1348 4911 1384 4976 iu
1407 4905 1558 4977 eandem·
1575 4913 1821 5010 pervenerunt.

663 5045 703 5116 ln
732 5043 919 5116 codicibus
947 5046 1192 5165 describendis
1215 5053 1317 5121 trium
1340 5055 1497 5122 virorum
1521 5049 1809 5120 doctissimorum
1831 5046 1954 5119 labore
1976 5047 2116 5138 adJutus
2145 5066 2239 5133 sum,
2274 5048 2333 5139 qui

264 5197 271 5205 '
410 5223 416 5242 =
462 5188 531 5258 hoc
553 5189 635 5262 loco
658 5190 856 5262 nominandi
878 5202 970 5263 sunt.
1036 5191 1267 5265 Primusest
1301 5191 1629 5277 Bromisllaclt,
1662 5195 1787 5287 quiin
1820 5191 2051 5264 collectaneis
2085 5189 2332 5284 autographiS,

464 5355 543 5427 quae
564 5335 645 5405 item
665 5358 686 5406 a
703 5335 812 5409 fratre
838 5337 916 5409 data
944 5340 979 5408 in
1001 5336 1066 5408 hac
1092 5337 1305 5412 bibliotheca
1328 5349 1576 5426 asservantur,
1599 5337 1891 5433 quamplurimas
1919 5336 2061 5431 reliquit
2088 5339 2332 5407 annotationes

370 5445 374 5452 Ι
462 5478 507 5550 de
530 5479 732 5570 codicibus,
751 5505 853 5576 „quos
876 5487 955 5577 ipse
978 5487 1013 5554 in
1034 5487 1179 5576 patriam
1206 5494 1461 5578 reportaverat
1522 5483 1646 5556 Altero
1669 5483 1751 5556 loco
1774 5483 2004 5556 nominandus
2026 5492 2085 5554 est
2110 5479 2333 5554 medeam

462 5621 635 5720 Spt'epel,
669 5625 905 5721 philosophiae
928 5631 1070 5718 doctor,
1105 5607 1305 5702 Germanus
1336 5629 1548 5720 eBavaria,
1582 5634 1641 5725 qui
1671 5652 1775 5724 quum
1804 5628 1861 5701 hic
1888 5650 1979 5702 anno
2010 5625 2109 5700 leta
2136 5627 2333 5699 studiorum

462 5791 573 5842 causa
595 5783 803 5861 moraretur,
826 5777 913 5846 viris
937 5735 1164 5870 amplissimis
1187 5775 1268 5849 huic
1291 5781 1436 5871 negotio
1455 5777 1671 5872 praepositis,
1690 5777 1857 5872 quidquid
1870 5776 1915 5848 de
1932 5775 2118 5848 codicibus
2136 5771 2333 5844 Sanscritis
