5160 6494
1168 423 1268 596 15ς

166 803 168 810 y
261 719 374 791 denos
415 718 547 810 digitos
581 715 704 810 longa,
743 727 779 790 et
815 711 961 813 pulchra
993 723 1170 815 scriptura
1323 718 1447 792 Altera
1466 742 1549 814 pars
1571 721 1707 793 codicis
1725 730 1875 816 quatuor
1892 719 1989 794 loliis
2004 722 2134 796 chartae

258 836 453 932 Bengalica
485 849 643 928 exarata3
677 843 816 934 paginae
843 851 1031 952 quaternas
1058 841 1170 918 lineas
1206 837 1427 933 Bengalicae
1449 851 1606 931 constat,
1641 843 1772 937 digitos
1794 844 1956 916 undenos
1978 853 2015 918 et
2038 845 2134 918 dimi·

258 959 397 1048 babent,
423 965 555 1032 circum
577 983 666 1054 quas
688 964 724 1031 in
745 967 901 1055 margine
923 974 1017 1036 notae
1039 965 1169 1036 breves
1222 964 1315 1034 idum
1337 947 1469 1056 longis,
1495 969 1672 1058 scriptura
1692 964 1886 1059 Bengalica
1907 971 2075 1056 exaratis,
2098 977 2135 1039 et

258 1083 448 1176 adscriptae
469 1092 553 1153 sunt
571 1081 684 1154 literis
702 1083 805 1177 Beng
804 1082 910 1156 allois
928 1094 997 1156 tam
1015 1088 1168 1172 minutiS,
1221 1088 1378 1158 continet
1400 1088 1555 1178 priorem
1576 1089 1679 1180 primr
1668 1086 1939 1193 Bbattikdvyae
1956 1087 2037 1160 libri
2055 1111 2134 1183 par-

259 1216 297 1276 ιιι
329 1205 502 1277 interdurn
525 1209 584 1276 vix
612 1204 682 1298 legi
711 1211 868 1300 possint;
906 1230 985 1301 quae
1014 1211 1143 1278 notae
1134 1231 1169 1278 ιιι
1220 1217 1307 1295 tem,
1342 1229 1421 1301 quae
1455 1211 1489 1278 in
1525 1209 1646 1280 verbis
1677 1209 1817 1298 distichi
1845 1209 1895 1281 23
1932 1231 2045 1306 m
2069 1216 2135 1316 §ab

258 1327 374 1397 medlo
394 1325 484 1398 libro
502 1331 672 1416 rariores,
691 1331 827 1400 tandem
847 1330 1012 1402 desinunt
1029 1330 1088 1401 lol.
1108 1331 1167 1402 ol.
1219 1329 1332 1409 uxufff
1352 1330 1416 1408 &a
1485 1332 1623 1402 desinit.

361 1448 449 1522 llaec
478 1450 615 1521 codicis
640 1473 722 1544 pars
746 1456 902 1524 continet
924 1475 1050 1526 novem
1074 1458 1168 1548 prio·
1321 1451 1505 1524 Praeterea
1534 1457 1654 1527 insunt
1682 1459 1834 1550 quinque
1865 1455 1932 1527 alia
1965 1453 2049 1528 lolia
2075 1479 2133 1528 ru-

262 1592 323 1643 res
336 1570 449 1643 libros
461 1575 634 1666 poematis
649 1572 938 1672 Blattilrolcyoe5
956 1577 1071 1649 codex
1084 1599 1168 1662 nos·
1221 1577 1324 1647 dibns
1358 1574 1473 1647 literis
1508 1575 1715 1670 Bengalicis
1751 1589 1893 1651 exarata
1928 1587 1964 1650 et
2002 1577 2132 1650 nullius
2191 1571 2195 1580 ’

257 1702 314 1764 ter
334 1695 505 1767 interdum
527 1696 571 1767 ab
594 1697 748 1768 editione
771 1695 989 1771 Calcuttensi
1012 1699 1134 1771 differt.
1219 1702 1393 1771 momenti.

631 2195 724 2341 ιι.
809 2156 1013 2344 riom
1058 2195 1496 2346 moranno
1542 2196 1761 2344 vanu.

616 2563 806 2678 xxvffl·
1012 2508 1017 2532 1
1140 2604 1143 2612 ’
1218 2565 1331 2644 stema
1359 2572 1565 2666 Vopadevee
1603 2576 1870 2667 conscripsisse
1911 2571 2130 2648 Varoduro'-

1209 2699 1314 2788 jam,
1337 2716 1357 2765 e
1380 2715 1491 2765 versu
1514 2694 1557 2766 ad
1580 2694 1713 2836 calcem
1736 2694 1814 2765 libri
1838 2696 1956 2770 addito
1978 2695 2087 2798 patet':

557 2773 863 2866 Amara-siuba

468 2897 557 2976 (olim
578 2900 632 2958 No.
655 2899 686 2963 5.
709 2899 820 2956 collect.
842 2893 947 2974 llask.)
1317 2959 1391 3038 W
1411 2935 1569 3026 W
1588 2933 1921 3043 fimas..

357 3064 482 3136 Codex
503 3063 589 3137 solia
610 3063 659 3134 cl
681 3063 871 3158 palmarum
893 3063 1045 3153 babens,
1080 3064 1166 3136 duo·
1228 3075 1234 3083 ·
1320 3061 1444 3135 Codex
1471 3073 1597 3136 noster
1623 3086 1702 3136 cum
1730 3065 1884 3137 editione
1913 3063 2131 3139 Calcuttensi

256 3189 450 3261 devicenos
473 3189 604 3282 digitos
627 3187 751 3281 longa,
782 3195 818 3259 et
844 3185 959 3260 literis
987 3205 1073 3288 sep
1086 3185 1166 3258 Sin·
1218 3209 1288 3258 non
1320 3208 1464 3282 semper
1498 3189 1677 3280 congruit3
1721 3187 1817 3258 addit
1847 3198 2020 3282 praeterea
2047 3201 2131 3284 post

255 3311 486 3406 gbalensibus
505 3315 654 3405 signata,
677 3311 870 3406 eademque
891 3315 1067 3404 scriptura
1085 3331 1166 3382 exa·
1216 3309 1372 3381 ultimum
1407 3311 1574 3382 editionis
1608 3318 1730 3402 caput,
1767 3307 1944 3388 mima
1984 3312 2129 3401 dictum,

100 3529 107 3538 Ι
253 3445 339 3508 rata.
393 3434 541 3528 Paginae
562 3445 730 3531 septenas
753 3434 866 3506 lineas
888 3433 1025 3507 babent.
1217 3431 1510 3538 aliud‘perbreve
1544 3429 1757 3510 femur
1790 3436 2014 3528 inscriptum,
2036 3437 2131 3529 quod

354 3559 396 3631 ln
430 3560 555 3633 codice
592 3563 686 3630 inest
723 3557 987 3638 vocabularium
1020 3560 1165 3660 notissi-
1217 3565 1328 3627 totum
1363 3559 1398 3625 in
1428 3542 1554 3650 pagina
1585 3553 1634 3628 87
1658 3559 1866 3628 continetur.
1934 3555 2072 3629 Preces
2095 3567 2131 3629 et

164 3661 169 3686 “
253 3681 633 3782 mum„dmaro-lro,ro
664 3675 846 3762 (mm)
880 3683 1097 3772 inscriptum,
1121 3679 1164 3750 ab
1216 3679 1444 3750 adorationes
1477 3682 1586 3751 variae
1621 3679 1773 3750 ultimam
1805 3679 1942 3750 codicis
1971 3683 2129 3772 paginam

255 3803 521 3893 Amare-einbo
542 3807 786 3897 compositum.
1216 3810 1399 3894 occupant.

512 4251 903 4348 Lagbu·Kaumudr'
1492 4250 1854 4322 Vittaratndlrara

342 4357 346 4364 “
453 4376 542 4454 (olim
562 4381 617 4437 llo.
639 4377 692 4440 59.
715 4379 827 4437 collect.
848 4374 955 4454 llaslr.)
1430 4371 1519 4450 (olim
1540 4375 1595 4432 No.
1617 4373 1649 4434 8.
1672 4377 1783 4434 collect.
1805 4374 1911 4450 llaslr.)

356 4545 480 4616 Codex
492 4542 713 4632 chartaceus,
736 4544 859 4616 lormae
870 4546 1041 4630 maximae,
1065 4563 1163 4613 more
1318 4537 1442 4610 Codex
1465 4538 1550 4610 lolia
1578 4538 1627 4610 13
1651 4541 1839 4634 palmarum
1862 4544 2030 4628 continet,
2052 4546 2126 4636 qui-

252 4669 431 4762 Europaeo
452 4677 670 4761 compactus,
692 4669 830 4762 paginae
846 4663 897 4736 88
915 4673 1065 4752 constat,
1085 4686 1164 4760 quae
1216 4684 1283 4734 nos
1315 4662 1428 4733 denos
1458 4663 1589 4756 digitos
1618 4662 1741 4756 longa,
1776 4663 1889 4735 literis
1917 4661 2127 4756 Singbalen·

252 4795 407 4865 numeris
437 4788 645 4886 Telinganis
673 4795 840 4884 signatae,
877 4808 985 4859 senas
1016 4790 1162 4859 vicenas
1215 4785 1317 4856 sibus
1338 4779 1436 4858 aare
1458 4788 1613 4879 signata,
1637 4786 1828 4881 cademque
1848 4789 2024 4879 scriptura
2044 4793 2125 4856 exa-

252 4914 364 4988 lineas
397 4914 536 4988 babent.
600 4914 784 5008 Scriptura
814 4908 1009 5002 Telingana
1042 4931 1163 4984 exara·
1214 4903 1299 4979 rata.
1376 4906 1523 5002 Paginac
1565 4906 1771 5002 plerumque
1811 4928 1968 4979 novenas
2013 4905 2125 4978 lineas

251 5050 311 5112 tus
333 5048 391 5111 est
411 5048 496 5132 post
517 5060 642 5108 annum
666 5033 776 5124 1818,
800 5056 905 5128 quum
924 5033 982 5104 bio
1001 5054 1112 5103 annus
1129 5037 1163 5104 in
1214 5029 1351 5102 babent

253 5165 358 5254 signo
405 5159 569 5232 chartarii
615 5159 746 5231 chartae
789 5157 938 5251 anglicae
985 5159 1162 5248 impresso
1317 5153 1691 5227 Continetsectionem
1706 5155 1962 5259 mmmm
1975 5155 2123 5245 inscrip-

252 5295 381 5356 exstet.
524 5326 529 5336 ·
769 5325 774 5350 .
1094 5279 1097 5285 ’
1215 5285 1284 5350 tam
1307 5277 1387 5349 libri
1416 5278 1599 5372 prosodici
1621 5274 1947 5355 Vittaratua'lrara(
1933 5289 2122 5376 (anrqruz

355 5405 520 5478 Continet
547 5403 672 5476 librum
701 5401 1058 5501 Lagbe-Kaumuda'
1084 5406 1163 5473 sive
1216 5403 1317 5488 dicti,
1352 5411 1498 5474 auctore
1531 5390 1860 5479 lledarabbatta(
1825 5412 2002 5503 (m,
2044 5417 2123 5469 cum

254 5526 826 5628 Lugdu-aiddbainta-lruumude'
863 5515 1061 5628 (W,
1092 5544 1165 5629 erq-
1216 5527 1504 5617 interpretatione
1533 5517 1770 5613 Singbalensi.
1836 5520 1973 5594 Nescio
2003 5544 2048 5592 an
2069 5519 2124 5592 bre

251 5647 508 5755 θιτπιῇῑῇ)
530 5654 747 5745 inscriptum,
769 5655 852 5726 sive
869 5648 1079 5744 perbrevem
1101 5647 1165 5720 lin·
1216 5645 1319 5717 lineae
1336 5644 1472 5717 Palioae
1488 5645 1532 5715 ad
1550 5643 1683 5718 calcem
1700 5641 1780 5716 libri
1794 5646 1982 5737 adscriptae
1999 5663 2126 5714 nomen

252 5799 332 5868 guae
361 5776 557 5850 Senseritae
588 5777 865 5868 grammaticam,
901 5795 1003 5868 quam
1031 5773 1074 5844 ad
1102 5793 1164 5862 sy·
1216 5770 1421 5862 interpretis
1444 5764 1647 5840 exhibeant:
