5160 6494
1029 1517 1361 1658 radiatio.

1112 1795 1287 1840 -νωιν-

262 1949 553 2092 Bibliothecarn
576 2015 708 2104 regiam
732 1973 985 2102 Hauniensem,
1020 2021 1254 2107 praeterquam
1283 2009 1378 2105 quod
1400 2003 1569 2080 librorum
1591 2009 1689 2103 typis
1711 2009 1969 2106 impressorum
1991 2033 2138 2086 numero
2188 2063 2191 2069 -

262 2167 297 2228 et
318 2163 521 2251 praestantia
544 2161 634 2230 inter
656 2160 930 2251 copiosissimas
953 2166 989 2229 ct
1016 2156 1324 2251 splendidissimas
1347 2155 1505 2249 Europae
1533 2153 1767 2226 bibliothecas
1796 2159 1922 2228 merito
1951 2168 2137 2247 censetur,

262 2307 364 2375 etiam
398 2305 560 2375 codicum
594 2307 909 2398 manuscriptorum
945 2325 1035 2397 opes
1069 2313 1105 2375 et
1136 2301 1270 2397 amplas
1304 2311 1340 2373 et
1357 2304 1487 2395 ‘magni
1520 2303 1626 2394 pretii
1659 2299 1809 2389 habere,
1842 2307 1991 2374 maxime
2013 2325 2137 2398 regum
2209 2359 2214 2366 .

262 2458 466 2520 nostrorum
489 2448 739 2538 munificentia,
767 2450 834 2521 sed
864 2452 967 2520 etiam
990 2452 1206 2542 privatorum
1228 2448 1405 2520 hominum
1427 2412 1638 2518 liberalitate
1662 2455 1901 2540 comparatae,
1934 2447 2134 2522 hominibus

262 2594 379 2666 doctis
402 2597 491 2665 satis
521 2604 639 2666 notnm
664 2604 721 2666 est
750 2615 837 2682 nec,
873 2616 974 2689 quam
1002 2593 1108 2666 multa
1130 2594 1211 2665 inde
1233 2591 1331 2665 multi
1357 2593 1401 2664 ad
1429 2590 1565 2664 litteras
1594 2592 1774 2685 augendas
1803 2602 1840 2665 et
1871 2593 2047 2665 ornandas
2065 2555 2153 2687 jann¹

263 2739 565 2833 deprompserint,
595 2743 767 2832 ignorant.
831 2735 982 2828 Quantae
1004 2749 1118 2810 tamen
1147 2761 1201 2812 eae
1229 2759 1319 2833 opcs
1348 2741 1384 2809 in
1405 2759 1547 2833 qnoque
1570 2735 1763 2810 litterarum
1792 2757 1926 2830 genere
1956 2749 2082 2812 essent
2103 2751 2139 2812 et

262 2885 463 2976 cujusmodi
487 2895 524 2956 ct
545 2907 653 2979 qnam,
668 2883 828 2956 utilitatis
852 2905 952 2979 spem
975 2885 1151 2958 studiosis
1173 2883 1373 2976 hominibus
1397 2891 1439 2954 'et
1466 2885 1516 2952 nti
1538 2881 1741 2954 volentibus
1764 2882 2011 2972 ostenderent,
2044 2885 2137 2958 unde
2168 2877 2178 2888 “

261 3027 365 3122 plene
387 3037 424 3100 et
444 3028 645 3123 singulatim
668 3032 841 3122 cognosci
864 3033 965 3101 etiam
989 3052 1010 3102 e
1033 3030 1225 3126 longinquo
1248 3039 1284 3102 et
1306 3029 1349 3101 ab
1372 3030 1506 3100 exteris
1526 3035 1665 3121 posset,
1688 3026 1820 3100 nullum
1841 3028 1954 3100 adhuc
1976 3031 2138 3104 exstabat

261 3193 365 3268 opus.
418 3171 526 3265 Quod
549 3197 753 3271 quamquam
777 3179 811 3246 in
834 3175 914 3247 aliis
938 3197 1007 3248 non
1042 3175 1257 3271 ignobilibus
1286 3151 1512 3246 bibliothecis
1542 3173 1668 3244 eodem
1690 3173 1795 3245 modo
1826 3183 1885 3246 ant
1912 3179 2054 3249 omnino
2076 3188 2136 3248 aut

261 3341 307 3391 ex
328 3341 453 3413 magna
476 3329 576 3415 parte
599 3327 836 3414 comparatum
845 3333 927 3410 ,est
949 3298 1065 3417 aliqua
1087 3322 1233 3420 quidem-
1249 3343 1294 3392 ex
1316 3329 1416 3414 parte
1441 3322 1477 3389 in
1499 3319 1679 3407 omnibus,
1701 3327 1817 3392 tamen
1839 3319 1920 3392 Rex
1942 3321 2135 3416 Augustis·

250 3444 373 3537 'simus
404 3461 766 3545 (illrlstlamls
795 3462 1068 3556 (demvm,
1107 3469 1166 3560 qui
1196 3488 1265 3561 quo
1293 3487 1414 3537 amore
1444 3467 1543 3558 ipsas
1566 3463 1721 3553 litteras,
1759 3465 1885 3538 eodem
1914 3455 2151 3562 splendidum

261 3609 332 3681 hoc
355 3609 550 3681 litterarum
572 3605 838 3682 instrumentum
861 3609 1102 3704 amplectitur,
1142 3611 1324 3682 subveniri
1346 3611 1428 3682 huic
1451 3608 1672 3680 incommodo
1695 3607 1868 3704 facileque
1891 3613 2062 3685 noscendi
2084 3597 2150 3686 bis

262 3753 451 3834 bliothecae
476 3757 511 3824 in
534 3753 604 3826 hoc
632 3775 766 3846 genere
795 3760 918 3849 copias
941 3755 1140 3827 subsidium
1171 3758 1346 3826 communi
1372 3757 1523 3836 omnium
1552 3755 1635 3823 usui
1666 3757 1797 3848 exponi
1825 3754 1949 3826 voluit.
2012 3757 2135 3854 ltaque

261 3922 367 3995 quum
390 3898 542 3970 absoluti
561 3902 596 3970 'ii
620 3897 762 3971 labores
785 3911 920 3990 essent,
948 3905 1007 3996 qui
1036 3904 1070 3972 in
1100 3899 1203 3971 libris
1231 3903 1418 3994 impressis
1447 3919 1550 3994 pum
1580 3898 1623 3969 ad
1653 3883 1846 3972 litterarum
1875 3902 2034 3976 ordinem
2062 3914 2134 3976 tum

260 4047 305 4118 ad
327 4043 600 4152 disciplinarum
613 4049 744 4118 seriem
768 4055 804 4119 ct
826 4045 970 4120 sormam
993 4047 1225 4120 recensendis
1248 4067 1312 4140 per
1334 4064 1446 4117 annos
1469 4065 1540 4114 non
1561 4007 1697 4138 paucos
1719 4048 1829 4139 positi
1857 4061 1973 4138 erant,
2004 4049 2136 4145 placuit

140 4265 149 4283 ,
260 4193 356 4284 regi,
392 4200 431 4261 ut
460 4190 622 4262 codicum
649 4185 965 4288 manuscriptorum
994 4192 1194 4292 catalogus
1217 4194 1364 4262 criticus
1393 4201 1429 4263 ct
1460 4190 1503 4260 ad
1537 4190 1720 4262 doctorum
1748 4189 1925 4266 hominum
1952 4216 2056 4268 usum
2085 4201 2135 4269 in·

260 4343 420 4407 structus
449 4333 686 4408 conficeretur
713 4346 750 4409 et
778 4337 961 4426 ederetur,
1001 4342 1151 4432 ejusque
1182 4338 1234 4406 rei
1271 4307 1495 4427 perficieudae
1528 4355 1614 4406 cura
1645 4333 1775 4408 litteris
1807 4341 1920 4432 regiis
1954 4342 2029 4434 (die
2056 4341 2133 4414 XX

258 4483 395 4577 mensis
417 4478 634 4552 Novembris
656 4503 687 4553 a.
712 4479 987 4568 Mucccxhl)
1011 4485 1058 4552 ita
1072 4480 1275 4552 demandata
1294 4488 1352 4551 est
1368 4479 1502 4551 Carolo
1522 4477 1724 4561 diederico
1745 4479 1793 4553 L.
1816 4481 1858 4554 F.
1882 4483 1930 4557 de
1951 4477 2132 4572 Buaeobr,
2208 4513 2217 4529 1

258 4623 478 4698 cubiculario
501 4631 603 4720 regio
626 4625 827 4721 clavigero,
862 4625 976 4698 meoo
999 4623 1209 4699 christiam
1237 4623 1443 4720 Werlaaff,
1478 4628 1557 4719 regi
1585 4647 1604 4697 a
1635 4625 1798 4700 consiliis
1822 4615 2132 4723 conserentiarum,

257 4769 484 4844 bibliothecae
513 4775 625 4864 regiae
652 4771 823 4866 praelecto
852 4782 888 4844 ct
915 4769 1298 4868 historiacprosessori
1321 4764 1500 4878 ordinario
1522 4770 1735 4864 llavniensi,
1769 4772 1881 4848 Jurto
1906 4775 2133 4863 Otobmtcen,

256 4923 338 5009 regi
366 4937 387 4987 a
414 4915 577 4988 consiliis
606 4927 741 5005 status,
783 4917 978 5011 linguarum
1009 4917 1230 4989 orientalium
1257 4915 1459 5012 professori
1494 4917 1672 4989 ordinario
1702 4916 1873 5008 Kiliensi,
1912 4919 2052 4993 Joaant
2082 4922 2133 4996 Ν.

256 5059 441 5157 Madvig,
467 5060 672 5156 philologiae
694 5061 836 5134 Graecae
858 5072 894 5134 ct
915 5059 1051 5134 Latinae
1073 5061 1275 5156 professori
1297 5061 1509 5152 lla'vniensi,
1542 5074 1582 5135 ut
1610 5063 1662 5135 illi
1693 5035 1729 5135 et
1751 5065 1992 5138 communibus
2015 5075 2133 5143 consi·

255 5207 320 5279 liis
354 5215 463 5278 totum
501 5211 701 5299 negotium·
718 5217 958 5304 praepararent
990 5209 1184 5301 operisque
1218 5219 1337 5301 partes
1369 5207 1614 5281 describerent
1649 5217 1685 5278 et
1717 5228 1821 5302 quum
1852 5211 1922 5303 ipsi
1957 5214 1999 5284 iu‘
2023 5235 2133 5309 opere

255 5351 491 5445 exsequendo
510 5349 733 5425 elaborarent
753 5363 825 5424 tum
848 5353 940 5426 alios
963 5357 999 5424 in
1016 5350 1150 5424 laboris
1169 5356 1378 5424 societatem
1396 5362 1574 5425 vocarent
1627 5350 1702 5422 Sed
1725 5349 1907 5440 Bumoltr,
1937 5363 2073 5431 amoeni
2097 5373 2133 5433 ct

254 5498 435 5591 elegantis
458 5499 514 5567 vir
536 5500 684 5589 ingenii,
708 5521 812 5593 quum
836 5498 1028 5570 litterarum
1052 5500 1257 5590 cognitione
1278 5507 1350 5570 tum
1374 5517 1460 5569 vero
1483 5499 1632 5570 maxime
1654 5500 1791 5587 artium,
1814 5520 1894 5593 quaa
1915 5503 1951 5572 in
1969 5501 2131 5597 lingendo

254 5655 293 5746 et
324 5644 504 5738 pingendo
526 5651 740 5730 versantur,
758 5635 994 5716 subtilissimo
1021 5643 1157 5736 judicio
1185 5611 1378 5736 preditus,
1412 5663 1517 5736 quum
1547 5641 1711 5742 consiliis
1743 5643 1787 5716 de
1814 5649 1972 5718 universi
1999 5649 2131 5740 negotii
