5160 6494
1348 487 1403 582 16

493 697 613 782 mit&
633 699 847 785 mestun&
868 695 1362 807 mad-wffifflffitquffru?
1405 698 1842 780 mmmmm
1862 696 2034 776 &siim
2054 715 2195 806 stigias).
2249 699 2319 772 Co·

442 825 529 905 mist
542 823 670 905 &istst
689 821 819 904 stiffi
838 839 909 901 m
928 825 1032 928 ἀπε
1052 827 1095 915 π
1113 823 1222 927 farq
1407 828 1475 896 dex
1505 834 1629 896 noster
1662 845 1682 895 a
1711 823 1832 895 verbis
1867 818 2087 921 ῶήωξῇῆτ
2120 819 2319 917 mesdei

544 949 653 1022 Liber
687 954 865 1043 pertinere
899 950 1039 1020 videtur
1065 950 1108 1020 ad
1139 947 1234 1019 alind
1262 969 1353 1042 opos
1404 951 1652 1048 equanto...
1685 945 1759 1028 [iol.
1784 945 1843 1015 51.
1870 968 1903 1017 v.
1932 944 1954 1015 l.
1980 956 2018 1012 1³.
2048 947 2214 1017 editionis
2238 945 2317 1018 Cai-

441 1073 670 1164 Eavikhapda
693 1075 911 1166 inscriptum,
935 1093 1007 1164 quo
1025 1075 1164 1143 nomine
1185 1073 1300 1144 codex
1319 1075 1354 1140 in
1408 1073 1599 1152 cuttensis)
1622 1072 1807 1163 incipiens,
1831 1068 2001 1163 reliquam
2017 1072 2172 1140 continet
2186 1079 2318 1162 partem

444 1195 607 1288 catalogo
631 1193 755 1267 Raskii
779 1191 961 1266 indicatur.
1406 1196 1580 1264 sectionis
1602 1191 1772 1298 secundae
1804 1189 2204 1287 Vpdarobdrodcdondo
2223 1211 2319 1270 (sra-

831 1372 963 1486 ΧΧΧΙ
1375 1374 1378 1525 Ῑ
1405 1329 1558 1395 mus)
1596 1289 1787 1408 inscriptae.

965 1451 978 1485 ι

758 1546 1042 1640 Kdvyadarpa
1257 1521 1262 1544 ⁰
1375 1531 1377 1545 ¹
1768 1489 1956 1603 ΧΧΧΙΠ·

647 1671 736 1748 (olim
758 1673 812 1730 No.
836 1671 887 1732 27.
909 1676 1019 1730 collect.
1046 1670 1151 1747 flasi.)
1664 1667 2058 1760 Nakpatrmdstra

545 1811 668 1881 Codex
696 1832 858 1898 mancus,
894 1821 932 1880 ut
960 1833 1050 1881 nunc
1080 1818 1153 1894 est,
1192 1806 1274 1878 solia
1303 1805 1353 1876 40
1616 1792 1704 1869 [otim
1726 1793 1780 1854 No.
1799 1792 1850 1853 34·
1874 1794 1984 1850 collect.
2007 1793 2110 1865 itaci.)

445 1933 633 2027 palmarum
652 1937 818 2020 continet,
842 1934 1085 2004 undevicenos
1105 1934 1236 2034 digitos
1248 1930 1354 2020 ionga
1510 1930 1633 2001 Codex
1649 1952 1805 2016 mancus,
1823 1939 1860 2000 ut
1878 1953 1969 2001 nunc
1989 1941 2056 2018 est,
2080 1929 2165 2002 dolia
2187 1929 2235 2001 lo
2248 1931 2319 2025 pai·
2356 2025 2361 2030 .

443 2067 478 2128 et
508 2059 662 2126 numeris
686 2055 877 2148 Europaeis
912 2053 1019 2140 1-16‚
1053 2053 1168 2123 30-53
1197 2057 1371 2145 signata„
1407 2047 1751 2156 mernmoontinenS‚
1775 2052 2030 2124 duoetvicenos
2049 2054 2180 2146 digitos
2201 2053 2318 2149 longa,

441 2179 533 2251 unde
556 2185 719 2270 apparet*
739 2177 908 2248 tredecim
931 2177 1063 2247 deesse
1086 2173 1179 2246 solia.
1233 2174 1355 2268 Scrip·
1406 2155 1563 2246 numeris
1592 2176 1782 2268 Europaeis
1810 2178 1948 2267 signate
1976 2185 2011 2246 et
2040 2181 2217 2270 scriptura
2239 2177 2319 2248 Sin·

441 2311 519 2372 tura
546 2299 774 2391 Singhalensi
807 2307 960 2370 exaratae
994 2302 1131 2392 paginae
1168 2297 1277 2368 denas
1315 2296 1355 2366 li·
1407 2293 1567 2390 ghalensi
1593 2303 1752 2384 exarata3
1788 2297 1926 2390 paginae
1959 2309 2108 2370 octonas
2131 2311 2190 2370 aut
2211 2322 2318 2388 nove·

442 2444 529 2493 neas
551 2421 708 2495 habam:
1409 2441 1471 2492 nas
1495 2420 1608 2492 lineas
1630 2419 1767 2490 habent.
1860 2513 1863 2522 Ι

544 2545 584 2615 ln
606 2544 731 2614 codice
753 2547 847 2614 inest
868 2543 958 2616 liber
980 2543 1181 2616 rhetoricus
1201 2543 1354 2642 Kdoya·
1510 2543 1635 2614 Codex
1663 2546 1820 2614 continet
1854 2541 2007 2616 libellum
2043 2549 2318 2618 astronomicum

426 2647 562 2756 'aaran
595 2655 761 2746 (samsai)
799 2669 1010 2760 inscriptus,
1051 2689 1153 2760 quem
1186 2668 1353 2740 versibus
1408 2677 1443 2738 et
1474 2664 1729 2758 astrologicum
1758 2670 1869 2759 ignoti
1897 2673 2073 2757 auctore,
2107 2692 2186 2741 cum
2208 2674 2320 2742 ¹inter-

444 2789 634 2863 Anustubh
663 2790 768 2860 dictis
792 2789 975 2880 Dandin*)
1004 2787 1187 2883 (afim)
1211 2811 1355 2884 compo·
1409 2793 1603 2884 pretatione
1626 2789 1863 2882 Singhaiensi.

446 2917 528 2986 suit.
596 2911 705 3006 Liber
738 2911 967 3006 Singhalcnsi
995 2916 1282 3005 interpretatione
1305 2917 1355 2983 in-

444 3047 622 3124 structus,
646 3041 778 3108 intres
802 3040 985 3107 sectiones
1008 3038 1145 3106 divisus
1169 3046 1242 3122 est,
1273 3060 1355 3130 qua·
1768 2968 1954 3080 XXXIV·

444 3183 520 3232 rum
543 3165 654 3253 prima
677 3163 711 3230 in
734 3159 849 3248 soliis,
884 3181 963 3250 quae
986 3160 1130 3246 desunt,
1159 3158 1354 3246 finiebatur,
1723 3141 2009 3236 Y⁰g³9³i³k³

445 3283 555 3354 altera
577 3281 843 3362 (miter)
865 3281 887 3351 s.
912 3281 970 3352 36.
995 3305 1022 3352 r.
1047 3282 1069 3352 Ι.
1088 3294 1111 3348 d.
1135 3281 1263 3369 finitur,
1286 3293 1355 3354 ter·
1610 3267 1699 3345 (olim
1720 3269 1774 3329 No.
1796 3267 1848 3330 26.
1872 3270 1984 3334 collect.
2007 3269 2111 3348 nasu]

445 3409 563 3498 tiaque
602 3404 802 3507 penem
845 3404 1061 3476 inscribitur.
1512 3405 1635 3478 Codex
1652 3406 1736 3478 iolia
1752 3407 2004 3500 aspernatum
2024 3413 2222 3502 continens,
2246 3417 2320 3505 qui·

545 3527 655 3599 Liber
666 3530 871 3600 inscribitur
881 3526 1357 3624 Dandiyo'lonltdra-saand
1409 3551 1476 3601 nos
1500 3531 1612 3601 denos
1635 3531 1768 3622 digitos
1791 3530 1915 3624 longa,
1949 3536 2106 3604 numeris
2128 3532 2320 3627 Europaeis
2441 3537 2446 3546 '

445 3657 481 3722 in
502 3652 666 3746 catalogo
689 3651 826 3738 Rasirii,
851 3657 909 3745 qui
931 3654 1122 3738 annotavit,
1148 3673 1227 3722 eum
1250 3654 1284 3721 in
1307 3656 1357 3722 in·
1408 3658 1547 3747 signata
1568 3663 1604 3726 et
1626 3657 1802 3748 scriptura
1824 3653 2053 3747 Singhalcnsi
2069 3666 2236 3762 =exarata3
2260 3679 2321 3752 pa-

444 3771 525 3846 sula
546 3774 756 3878 Taprobane
779 3780 953 3868 integrum
977 3797 1045 3845 non
1070 3777 1230 3863 inveniri,
1253 3785 1357 3868 atque
1408 3782 1501 3871 ginae
1522 3789 1690 3872 septenas
1714 3789 1773 3850 aut
1795 3790 1944 3850 octonas
1968 3778 2081 3852 lineas
2104 3779 2241 3852 itabant.

446 3899 537 3968 duos
573 3897 702 3986 libros,
739 3899 884 3984 aiterum
915 3897 1073 3968 Palicum
1102 3895 1357 3970 Sabodddlan·
1512 3901 1663 3973 Codico'
1681 3906 1879 3975 continetur
1909 3901 2050 3974 libellus
2080 3909 2249 3976 metricus
2278 3904 2321 3974 de

321 4083 331 4098 ,
445 4019 556 4103 lrdro,
595 4019 741 4093 aiterum
764 4019 1037 4115 Singhaiensem
1059 4017 1357 4092 Subdtisdlonlro·
1409 4047 1449 4095 re
1471 4024 1624 4110 medica,
1669 4023 1911 4119 Yopopotolca
1942 4023 2133 4110 (afrarum)
2164 4029 2318 4117 inscrip-

445 4165 562 4240 royu‚
585 4166 697 4216 exeo
720 4153 962 4238 argumentum
984 4142 1162 4212 hausisse.
1410 4157 1480 4234 tus,
1503 4169 1582 4217 cnm
1604 4151 1891 4239 interpretatione
1915 4146 2151 4240 Singiralensi.
2197 4144 2321 4218 Codex

818 4321 970 4440 XXX„
1409 4291 1538 4342 recens
1561 4291 1651 4340 anno
1674 4269 1817 4340 circiter
1840 4267 1940 4340 1820
1964 4267 2179 4363 descriptus.

972 4395 984 4432 ο
1495 4384 1497 4390 ’
1578 4395 1587 4404 ·
1946 4381 1950 4389 “

778 4499 1021 4591 Mitaiksara
1779 4499 1944 4612 XXXV·

645 4624 733 4696 (olim
754 4623 809 4686 No.
831 4622 883 4682 41.
906 4625 1018 4681 collect.
1041 4618 1147 4697 iiask.)

1623 4719 1857 4792 Sermones
1881 4720 2101 4790 Senseriti

549 4757 673 4832 Codex
692 4761 775 4833 folia
795 4761 844 4832 oo
855 4761 1043 4856 palmarum
1059 4763 1257 4848 continens,
1277 4781 1357 4855 sep·
1557 4846 1644 4922 (oiim
1666 4846 1720 4903 No.
1745 4843 1794 4906 43·
1818 4846 1896 4903 chart
1931 4846 2041 4902 correct.
2064 4843 2170 4920 nasi.)

448 4895 552 4955 tenos
584 4885 715 4977 digitos
745 4883 866 4977 ionga,
901 4895 937 4957 et
964 4889 1141 4978 scriptura
1163 4883 1358 4976 Telingane

449 5017 605 5097 exarata3
630 5012 766 5102 paginae
789 5029 896 5080 senas
919 5008 1032 5079 lineas
1055 5007 1201 5078 habent
1514 5012 1637 5083 Codex
1656 5016 1841 5083 continens
1860 5010 1944 5082 solia
1955 5033 2023 5082 sex
2036 5009 2168 5082 chartae
2182 5009 2322 5096 ludicre,

550 5128 759 5203 Continetur
777 5155 860 5225 pars
881 5133 1121 5202 commentarii
1135 5128 1359 5220 Mitdlrporce
1412 5136 1534 5208 iornrae
1562 5139 1738 5223 maximam
1774 5134 1887 5205 literis
1911 5125 2119 5226 Telinganis
2147 5143 2321 5204 exaratus.

446 5250 616 5342 (Sim),
640 5276 743 5349 quern
755 5259 790 5325 in
802 5256 961 5352 codicem
974 5252 1091 5345 legum
1103 5251 1359 5346 Ydjnavaikyae
1411 5259 1489 5330 Una
1523 5264 1648 5352 pagina
1679 5257 1753 5338 (foi.
1790 5256 1824 5327 4.
1859 5270 1910 5342 ν.)
1944 5278 2055 5329 vacua
2083 5266 2149 5328 est.
2201 5257 2324 5328 insunt

448 5380 664 5470 conscripsit
701 5376 980 5470 Vijndncpouro
1023 5373 1359 5478 (meniwi-
1411 5393 1486 5454 tres
1517 5403 1721 5470 sermones,
1755 5383 1870 5464 (dem)
1894 5381 2012 5474 lingua
2035 5381 2218 5452 Senserita
2242 5401 2324 5451 con·

482 5525 569 5593 *pan
589 5529 701 5585 wesen.
719 5533 807 5583 sanan
825 5531 941 5590 ruore,
961 5535 980 5586 r.
1000 5545 1025 5594 n.
1045 5534 1148 5587 xxrr..
1410 5509 1554 5598 scripti,
1578 5509 1699 5596 exigui
1722 5509 1896 5576 momenti.

1133 5811 1633 5857 ψ·-
