5154 6494
372 5073 376 5079 .
479 5014 677 5107 pretatione
710 5008 894 5082 Sanscrita
929 5034 949 5082 a
983 5009 1213 5106 Niriosdnpd
1251 5034 1394 5106 cornpo·

1386 485 1471 578 112

488 709 641 776 tinentur
657 704 737 775 libri
758 701 886 790 Yupno
905 712 940 772 et
966 701 1160 796 Virpc'ircid
1174 700 1283 774 solito
1301 726 1400 775 more
1452 706 1650 798 pretatione
1672 701 1863 793 Pdhlvica,
1887 704 2159 795 teste'llaslrio,
2182 718 2262 780 ante
2281 731 2367 802 qua·

487 831 680 920 conjuncti,
715 825 841 920 quibus
865 827 1042 896 immixtus
1066 835 1123 896 est
1145 823 1287 897 libellus
1319 823 1401 897 Via-
1453 826 1659 918 dringentos
1682 848 1795 898 annos
1818 829 2030 922 descriptus.

486 957 693 1048 deep-prist,
716 952 875 1042 quincto
892 947 1228 1044 forpardconstat,
1252 971 1399 1042 quorum
1491 1025 1500 1036 ¹,
1558 945 1661 1018 Alter
1705 947 1796 1020 liber
1839 954 1997 1050 continet
2039 961 2176 1046 septem
2223 950 2366 1042 Qorcla-

487 1077 633 1167 primum
669 1071 728 1143 sol.
760 1071 809 1141 95
846 1075 975 1164 incipit.
1042 1069 1165 1143 Codex
1201 1073 1235 1141 in
1271 1069 1399 1144 Persia
1452 1077 1595 1141 uocare
1618 1075 1822 1160 sectiones,
1851 1071 2055 1166 Gujaraitica
2078 1079 2366 1169 interpretatione

487 1205 653 1267 exaratus
676 1205 743 1268 est.
766 1173 772 1180 ⁸
1452 1190 1658 1280 illustratae,
1682 1216 1761 1288 quae
1783 1205 1881 1266 sunt:
1907 1194 2076 1286 errsdid
2091 1197 2239 1295 nyctui,
2258 1198 2366 1272 Mu'lu

918 1371 955 1484 V
1451 1298 1727 1402 cardamo-m
1744 1316 2366 1416 Horanazd-yaal,Potit,Doomim

1451 1435 1625 1524 sdtdiolr„
1663 1439 1817 1536 ofhiqadn
1848 1441 2089 1534 arddsrcivaa.
2151 1442 2296 1518 Tertius
2325 1446 2366 1516 li-

865 1535 1024 1626 Yacna.
1452 1559 1586 1649 bellus,
1609 1560 1764 1634 Persico
1794 1585 1961 1636 sermone
1984 1570 2224 1659 composituS,
2255 1573 2366 1639 conti·
2452 1619 2465 1628 -

589 1685 780 1780 Exemplar
802 1685 938 1774 Yapncc
953 1691 1092 1758 maximi
1110 1691 1274 1757 momenti
1294 1707 1398 1780 quum
1453 1693 1512 1754 net
1533 1687 1752 1778 quaestiones
1776 1696 1812 1759 et
1833 1708 2010 1781 responsa
2032 1691 2077 1762 de
2099 1677 2327 1780 Parubdmo.

489 1819 633 1904 propter
654 1819 882 1895 vetustatem,
914 1823 1006 1889 (nam
1030 1833 1076 1881 ex
1102 1808 1397 1896 annotationibus
1865 1857 1870 1860 -
1959 1885 1964 1894 ,

486 1932 638 2004 Persica
661 1941 697 2004 et
719 1929 935 2024 Gujarultica,
958 1933 1002 2003 ad
1024 1931 1157 2004 calcem
1180 1933 1318 2005 codicis
1341 1931 1399 2002 ad·
1811 2030 1813 2034 .
1848 1864 1963 1977 vm·

486 2060 632 2150 scriptis
665 2066 831 2148 apparet,
878 2078 968 2134 anno
1005 2054 1149 2127 Samvat
1185 2054 1281 2126 1397
1320 2058 1399 2126 sive
1797 2028 2023 2124 Vlslffld·

486 2201 577 2252 anno
612 2177 807 2270 Yazdiljird
839 2177 919 2267 692,
947 2214 1000 2238 ==
1034 2201 1124 2250 anno
1155 2179 1202 2248 D.
1237 2177 1335 2248 1322
1364 2182 1398 2248 in
1554 2174 1690 2266 Codex,
1714 2175 1836 2251 formae
1859 2184 2091 2274 quaternarias
2108 2186 2267 2271 minoris,
2294 2183 2367 2254 128

485 2303 574 2374 urhe
604 2298 820 2398 Kombaycit
849 2322 870 2371 e
902 2302 1046 2390 codiee,
1081 2323 1101 2372 e
1123 2301 1254 2374 Persia
1281 2301 1398 2389 allato,
1452 2296 1547 2369 loliis
1572 2309 1728 2388 constat,
1753 2323 1901 2394 qnorum
1924 2307 2062 2397 paginae
2085 2315 2274 2402 quaternas
2299 2307 2362 2376 de·

487 2428 701 2519 descriptum
724 2438 844 2512 esse,]
876 2434 948 2494 tum
972 2428 1052 2518 quia
1076 2428 1398 2518 interpretationem
1450 2443 1515 2493 nas
1556 2420 1668 2491 lineas
1706 2422 1850 2514 lrabent3
1891 2430 2048 2498 continet
2078 2426 2276 2523 Viapiirrid
2300 2435 2366 2524 pri·

489 2547 695 2619 Pdhlvicam
720 2551 888 2634 continet,
915 2549 1017 2639 cujus
1036 2557 1167 2641 praeter
1183 2548 1263 2637 hoc,
1293 2571 1398 2619 nnurn
1449 2541 1593 2616 Matar
1614 2565 1634 2614 a
1657 2544 1817 2618 Dasture
1842 2545 1948 2620 Ktuis
1969 2549 2116 2643 pulchre
2139 2561 2328 2623 exaratum.

485 2681 617 2743 tantum
639 2669 846 2764 exemplum*
860 2679 1004 2741 exstare
1026 2673 1176 2760 videtur,
1200 2672 1294 2766 quod
1307 2693 1398 2742 anno

487 2793 585 2866 1842
625 2797 660 2864 iu
698 2792 785 2863 urbe
824 2789 926 2862 Ya'zd
966 2793 1048 2864 vidi.
1112 2793 1250 2868 Noster
1283 2794 1398 2866 codex
1638 2803 1641 2808 “
1868 2724 1927 2839 IX

485 2917 608 2989 formae
629 2919 879 3011 quaternariae,
909 2909 983 2986 328
1005 2916 1102 2988 loliis
1125 2927 1282 3006 constat,
1306 2939 1396 3012 quo·
1708 2887 1929 2976 V5¹¹did²3d
1952 2889 2096 2961 82232·

484 3063 562 3112 rum
594 3044 731 3135 paginae
764 3050 932 3134 septenas
968 3040 1078 3111 denas
1113 3039 1226 3112 lineas
1259 3040 1396 3112 habent.
1554 3035 1679 3108 Codex
1700 3035 2079 3135 formae-quaternarias
2101 3045 2256 3135 majoris,
2280 3065 2364 3114 con-

484 3163 588 3237 Folia
608 3165 699 3236 bene
721 3171 934 3236 conservata
951 3171 1045 3250 sunt,
1068 3172 1199 3257 practer
1218 3173 1301 3236 octo
1315 3162 1399 3234 lolia
1451 3163 1538 3232 tinet
1560 3158 1634 3230 703
1663 3165 1830 3254 paginas,
1866 3187 1945 3258 quae
1967 3168 2091 3259 quinas
2119 3165 2228 3236 denas
2251 3163 2364 3236 lineas

482 3285 614 3376 70-77,
637 3310 716 3382 quae
737 3294 915 3358 vetustate
937 3283 1013 3356 sere
1035 3285 1171 3380 dilapsa
1188 3308 1279 3358 anno
1300 3285 1398 3357 1840
1450 3281 1604 3354 habent·
1641 3283 1766 3356 Insunt
1795 3283 1937 3378 Yacna,
1973 3289 2152 3381 visparad
2175 3297 2211 3359 et
2232 3289 2363 3359 Vandi-

486 3433 506 3482 a
542 3432 597 3482 me
629 3413 666 3480 in
699 3409 820 3481 charta
855 3406 1031 3501 pellucido
1063 3414 1275 3504 transcripta
1306 3420 1398 3482 sunt.
1451 3406 1528 3506 da'd,
1551 3406 1661 3478 solito
1676 3429 1783 3490 more
1807 3412 1904 3482 mixti
1926 3420 1963 3484 et
1983 3433 2005 3482 a
2025 3411 2245 3483 nascardus
2259 3409 2365 3482 Kdus

485 3532 572 3622 (Cir.
596 3530 772 3628 Anquetil.
795 3530 866 3603 vol.
890 3529 934 3602 11.
957 3554 990 3624 p.
1019 3530 1095 3619 74.)
1450 3539 1486 3602 ct
1506 3515 1641 3602 Dorcib
1665 3530 1834 3625 deinceps
1856 3532 2003 3626 pulchro
2026 3535 2207 3629 descripti.

879 3707 995 3822 ll·
1417 3752 1420 3790 ²
1873 3767 1926 3880 x.

585 3901 772 3974 Tredecim
796 3905 932 3994 paginae
954 3901 1077 3974 formae
1104 3909 1315 3992 octonariae,
1345 3911 1396 3976 vi-

483 4047 591 4099 cenas
621 4045 732 4096 senas
766 4023 878 4094 lineas
913 4029 1154 4114 continenteS,
1197 4030 1231 4097 in
1268 4029 1396 4121 quibus
1448 4079 1450 4094 .

483 4149 568 4222 lolia
601 4144 713 4218 70-77
749 4147 886 4217 codicis
926 4147 992 4218 No.
1026 4147 1070 4217 V.
1105 4151 1252 4252 signati,
1292 4173 1397 4244 quum
1551 4147 1676 4220 Codex
1692 4171 1834 4238 recena,
1848 4149 1970 4222 formae
1982 4153 2153 4238 maximae,
2171 4147 2268 4220 loliis
2284 4149 2358 4219 aaa

1708 3965 1934 4037 vandidad
1956 3965 2101 4037 sadalr.

484 4272 662 4366 dilapsura
685 4279 799 4355 erant,
824 4273 1036 4363 transcripta
1057 4281 1150 4341 sunt.
1448 4280 1606 4358 constat,
1640 4293 1789 4366 quorum
1819 4277 1956 4367 paginae
1986 4265 2224 4346 undevicenas
2247 4271 2360 4344 lineas
2471 4317 2474 4321 -

905 4446 965 4559 w
1114 4418 1120 4423 ·
1160 4465 1163 4472 Δ
1448 4370 1583 4464 habent.
1636 4392 1761 4466 lnsunt
1785 4405 1861 4468 tres
1883 4395 1976 4484 libri,
2004 4393 2147 4488 Yapna,
2170 4397 2360 4490 Vispardd,

966 4525 979 4558 ⁰
1447 4514 1641 4604 Vdndidaid,
1664 4519 1774 4592 solito
1800 4541 1899 4591 more
1923 4523 2030 4590 mixti.
2157 4510 2160 4515 ’

857 4611 1013 4708 Yapna.
1558 4643 1560 4651 ’

564 4737 710 4836 'Codex
750 4761 872 4834 lornrac
914 4769 1107 4838 octonariaa
1139 4769 1301 4859 majoris,
1336 4763 1393 4862 'qui
1865 4754 1937 4868 ΧΙ,

481 4869 555 4960 437
569 4886 666 4959 loliis
679 4895 831 4974 constat,
846 4890 1002 4959 continet
1023 4887 1394 4979 Yapuamcuminter·
1573 4947 1737 5042 Yaena,
1761 4953 2005 5046 Vispfirfid'
2037 4953 2235 5024 small.

421 5203 425 5210 .
481 5139 560 5207 sita.
613 5120 701 5227 (cir.
725 5133 795 5205 No.
825 5133 898 5222 15.)
1547 5133 1671 5206 Codex
1693 5086 1904 5228 aliquantum
1924 5137 2047 5226 laesus,
2078 5137 2201 5209 lormae
2219 5149 2357 5232 quater·-

885 5312 966 5426 vn
1446 5261 1569 5345 nariae,
1606 5255 1679 5326 317
1714 5255 1812 5400 soliis
1846 5271 2005 5348 constat,
2039 5282 2188 5354 quorum
2221 5265 2359 5354 paginae

967 5387 980 5423 ·
1444 5391 1564 5452 ternas
1588 5381 1699 5451 denas
1722 5379 1834 5454 lrneas
1858 5382 2004 5468 lnbent3
2028 5387 2184 5456 continet
2214 5383 2357 5472 Yupnm

620 5475 839 5568 Visp'arid
869 5486 905 5548 θῖ
927 5473 1253 5566 (20173-315873
1453 5502 1645 5599 Vaporod
1667 5502 1862 5600 pdddubdr
1888 5515 1924 5578 et
1945 5503 2126 5592 Sirdzolq
2153 5508 2357 5600 descriptus

582 5626 707 5698 Codex
729 5625 850 5698 formae
873 5631 1066 5704 octonariae
1083 5638 1159 5700 tres
1177 5627 1290 5700 libros
1308 5649 1392 5699 oon·
1445 5637 1501 5700 est
1523 5649 1613 5704 anno
1637 5627 1683 5698 l).
1710 5626 1805 5698 1647
1829 5640 1875 5716 (a.
1898 5626 2090 5723 Yandajird
2115 5629 2235 5718 1016,
2258 5630 2357 5701 Sam·
2490 5733 2499 5742 ·

481 5753 575 5822 tinet.
620 5748 764 5822 Primus
793 5759 852 5822 est
883 5747 1075 5844 Vicprirdd
1095 5773 1163 5823 una
1185 5773 1262 5824 cum
1286 5755 1392 5823 inter·
1444 5760 1501 5821 vat
1529 5749 1649 5836 1703).
1703 5777 1709 5790 ’
