5114 6524
799 1303 809 1311 ’
949 1310 1299 1430 tunulum.

379 1559 527 1716 quod„
550 1640 644 1720 opus
676 1619 752 1720 jam
791 1584 852 1696 diu
885 1619 969 1696 mihi
1006 1621 1235 1722 propositum
1279 1627 1375 1716 erat,
1421 1625 1459 1692 ut
1502 1636 1631 1691 omnes
1681 1611 1916 1692 bibhothecae
1951 1613 2083 1719 Regiae

186 1765 338 1844 codices
385 1765 594 1846 orientales·
623 1763 784 1842 nondum
822 1765 993 1868 descripti
1041 1765 1211 1868 catalogo
1248 1767 1330 1842 usui
1348 1765 1523 1839 'virorum
1561 1758 1762 1846 doctorum
1806 1771 1841 1838 et
1886 1761 2082 1841 litteramm

184 1913 413 1995 orientalium
461 1913 642 1990 lautorum
685 1887 961 1991 occommodato
996 1923 1298 1990 enumerarentur
1335 1921 1371 1988 et
1411 1907 1731 2009 describerentur,
1762 1908 1837 2010 jam
1876 1907 1946 1986 hac
1979 1921 2083 2012 parte

184 2059 280 2138 edita
314 2060 357 2138 ad
398 2061 507 2138 linem
537 2058 752 2168 perductum
795 2071 862 2138 est.
954 2059 1182 2138 Auctoritate
1220 2063 1288 2138 viri
1328 2057 1621 2136 excellentissimi
1658 2051 1698 2133 0.
1735 2052 1775 2147 0,.
1802 2053 1915 2158 Hctl,
1961 2081 2082 2136 rerum
2206 2099 2210 2102 ·
2246 2069 2253 2076 '

181 2230 371 2284 sacrarum
412 2219 448 2286 et
490 2207 789 2286 scholasticarum
824 2206 1016 2310 praesidis,
1053 2218 1101 2304 ct
1139 2206 1283 2284 hortatu
1327 2208 1395 2282 viri
1446 2203 1661 2306 perillustris
1702 2199 1750 2288 Ε.
1788 2197 1828 2278 0.
1872 2201 2082 2308 Wcrlmcff,

183 2353 417 2434 bibliothece
451 2355 626 2459 prefecti,
660 2354 744 2432 mihi
775 2339 948 2458 contigit,
984 2367 1024 2433 ut
1055 2355 1128 2432 hoc
1159 2378 1254 2431 anno
1283 2355 1439 2456 pecunia
1470 2375 1516 2428 ex
1544 2355 1672 2428 erario
1700 2351 1847 2453 publico
1896 2320 2082 2455 assignata

184 2507 496 2584 enumerationem
540 2514 576 2579 et
623 2506 878 2580 recensionem
914 2501 1083 2580 codicum
1131 2502 1407 2598 Persicorum,
1449 2498 1702 2577 lhrcicorum
1751 2498 1978 2602 aliorumque
2029 2499 2081 2578 di·
2148 2511 2152 2520 “

181 2653 305 2727 versis
342 2650 478 2753 linguis
522 2648 756 2728 orientalibus
800 2653 1089 2752 compositorum
1128 2645 1392 2726 coniiciendam
1434 2657 1475 2723 ct
1509 2633 1690 2724 edendam
1742 2669 1872 2724 curare
1920 2670 2083 2748 possem,

185 2794 304 2874 Adest
330 2797 478 2900 quidem
508 2801 542 2873 in
570 2795 790 2874 bibliotheca
819 2796 938 2899 Regia
962 2797 1138 2875 collectio
1166 2798 1379 2872 versionum
1398 2791 1576 2871 librorum
1606 2793 1833 2870 orientalium
1863 2803 1899 2868 et
1932 2792 2083 2872 adnota-

183 2945 323 3020 tionum
348 2943 393 3021 ad
424 2944 601 3045 eosdem,
629 2967 780 3047 quarum
806 2927 922 3048 maj0r
947 2958 1032 3046 pars
1059 2946 1141 3020 viro
1172 2921 1429 3020 celeberrimo
1447 2939 1657 3019 dilatatio
1682 2938 1859 3037 debetur,
1890 2963 1972 3043 quae
2000 2966 2083 3018 cum

176 3093 314 3186 partim
344 3091 450 3172 edite
466 3095 551 3194 sint,
567 3095 695 3195 partim
712 3115 804 3169 vero
835 3095 960 3194 exigui
977 3095 1050 3168 sint
1066 3093 1254 3191 momenti,
1281 3092 1317 3167 in
1335 3091 1377 3166 iis
1407 3091 1542 3166 morari
1569 3109 1694 3189 operae
1716 3089 1878 3192 pretium
1901 3110 2082 3198 essenon

182 3235 305 3316 ha’bni.
385 3237 506 3318 Unum
547 3239 665 3316 solum
715 3239 820 3342 hujus
867 3243 1017 3342 generis
1067 3263 1162 3340 opus
1222 3237 1281 3314 hic
1329 3237 1519 3314 nominare
1562 3233 1646 3312 mihi
1700 3234 1825 3312 liceat:
1879 3229 2084 3313 ''Tabulaa

183 3383 441 3465 distortarum
481 3385 587 3490 lldpi
629 3382 799 3490 Obolfae,
841 3385 1040 3490 interprete
1082 3384 1232 3464 Reishio
1263 3383 1347 3484 [cir.
1381 3381 1453 3461 No.
1483 3380 1594 3463 XLV.
1626 3380 1745 3460 Codd.
1779 3380 1919 3481 Pers.].
1986 3377 2085 3459 lnter

184 3533 377 3636 catalogos
409 3533 709 3636 bibliothecarum
745 3545 949 3611 exterarum
986 3536 1082 3636 typis
1109 3536 1312 3634 impressos
1342 3553 1436 3630 opus
1468 3532 1537 3605 viri
1569 3529 1798 3606 celeberrimi
1824 3528 1871 3607 Α.
1887 3525 2084 3631 Sprcrcpcr

182 3663 412 3783 inscriptum:
443 3677 488 3758 ”a
517 3678 725 3783 Catalogue
752 3680 795 3757 ol
822 3680 884 3758 the
912 3678 1075 3780 Arabio,
1122 3677 1275 3754 Persian
1310 3675 1380 3752 and
1410 3673 1639 3778 Hindnstanp
1683 3677 1928 3778 manuscripts
1956 3673 2000 3750 oi
2021 3673 2084 3753 the
2131 3700 2137 3707 ·

183 3805 357 3936 libraries
378 3827 498 3906 nithe
520 3803 611 3930 king
629 3828 671 3905 of
686 3825 816 3930 Ondh,
833 3827 908 3922 vol.
932 3826 958 3904 1.
983 3828 1196 3926 containing
1212 3822 1365 3902 Persian
1387 3821 1457 3901 and
1477 3821 1709 3942 Hindustany
1733 3832 1890 3924 poetry3
1922 3820 2083 3900 Calcutta
2206 3881 2214 3896 ,

187 3970 325 4053 1854”
349 3999 425 4052 non
441 3978 556 4078 prins,
587 3999 695 4080 quam
726 3974 922 4078 descriptio
939 3984 1147 4078 poematum
1164 3969 1399 4050 Persicorum
1415 3969 1557 4073 prelum
1576 3970 1799 4073 reliquisset,
1829 3967 1914 4047 rnibi
1940 3972 1977 4046 in
1994 3993 2083 4046 con-

184 4133 351 4224 spectum
376 4127 527 4201 venisse
574 4147 675 4227 egre
709 4124 811 4220 lero,
842 4146 956 4226 quare
990 4121 1096 4239 locos
1123 4119 1217 4196 illius
1240 4121 1379 4218 operis,
1407 4120 1468 4220 qui
1500 4116 1715 4195 conferendi
1742 4128 1840 4219 sunt,
1870 4120 2084 4196 inextrema
2205 4123 2214 4136 ‘

187 4280 292 4372 parte
329 4269 409 4347 libri
447 4268 578 4347 addidi.
633 4268 690 4349 Ne
722 4294 816 4348 vero
853 4271 888 4346 in
920 4267 993 4344 hoc
1020 4291 1135 4370 opere
1169 4263 1400 4343 coniiciendo
1444 4263 1571 4342 alienis
1605 4263 1757 4367 gloriari
1791 4263 1899 4342 bonis
1936 4263 2083 4368 videar,
2216 4339 2223 4354 ,
2275 4245 2281 4260 ’

161 4441 242 4522 ‚me
271 4415 399 4494 studiis
432 4440 573 4520 eorum,
604 4421 728 4521 quiin
759 4415 949 4495 codicibus
980 4411 1218 4516 disponendis
1260 4421 1296 4488 et
1323 4409 1574 4489 describendis
1621 4421 1704 4490 ante
1742 4436 1802 4489 me
1831 4414 1966 4488 versati
1997 4414 2084 4512 sint,

186 4563 364 4666 permulta
417 4563 579 4665 debere,
642 4575 749 4668 grate
795 4568 913 4642 animo
952 4584 1133 4665 agnosco.
1236 4557 1317 4635 tam
1359 4559 1428 4634 viri
1480 4558 1524 4636 cl.
1578 4561 1615 4640 J.
1658 4557 1700 4638 h.
1750 4557 1998 4636 Rcomccscn
2049 4536 2085 4634 ct

187 4709 226 4787 G.
246 4709 311 4788 dt.
328 4709 563 4791 Johcrmscc
592 4711 637 4789 ad
649 4737 754 4791 usum
774 4711 1005 4790 bibliotheca
1026 4711 1205 4811 privatum
1217 4705 1371 4784 brevem
1398 4687 1567 4781 codicum
1595 4705 1825 4784 orientalium
1845 4713 2084 4806 conspectum

185 4857 431 4962 elaborarent,
450 4859 678 4964 eosdemque
698 4869 828 4962 postea
842 4861 899 4936 vir
915 4859 960 4935 cl.
971 4859 1008 4934 J.
1022 4854 1259 4956 Otshcoscn,
1281 4864 1320 4929 ut
1349 4854 1385 4928 in
1414 4851 1628 4958 prefatione
1650 4855 1762 4956 partis
1795 4854 1997 4954 superioris
2007 4853 2084 4952 jorn

184 5016 510 5084 commemoratum
540 5018 609 5110 es‘t,
631 5006 753 5084 denno
770 5007 909 5111 majore
925 5003 1130 5108 prolixitate
1165 5011 1200 5078 et
1227 4999 1403 5077 doctrinae
1434 5003 1540 5100 copia
1570 4997 1827 5077 recensendos
1847 5007 2082 5099 susceperat,

182 5175 303 5255 opere
346 5176 439 5243 vero
486 5177 582 5230 anno
642 5157 768 5256 patriae
805 5164 841 5231 et
883 5151 1009 5230 litteris
1061 5147 1157 5226 iatali
1214 5143 1544 5224 mdcccxlviii.
1589 5149 1817 5248 intermisso,
1867 5143 2083 5246 descriptio-

184 5323 270 5376 nem
313 5298 482 5377 codicnm
518 5300 795 5400 Persicorum,
829 5301 990 5377 numeris
1031 5295 1179 5400 quidem
1226 5291 1410 5370 nonnullis
1447 5295 1636 5394 exceptis,
1680 5292 1912 5371 bibliothecae
1954 5288 2086 5397 Regiae

184 5443 397 5524 transmisit.
467 5444 576 5539 Quod
607 5470 744 5550 opus,¹
766 5444 935 5524 omnibus
967 5442 1157 5522 codicibus
1185 5439 1306 5524 denno
1354 5419 1463 5518 arne
1492 5405 1753 5542 pervestigatis
1804 5449 1841 5518 et
1875 5443 2083 5544 recensitis,

181 5595 218 5678 in
279 5591 471 5670 codicibus
523 5591 684 5672 Persicis
739 5592 935 5672 tractandis
985 5589 1189 5669 subsidium
1217 5624 1221 5628 ·
1245 5587 1330 5665 mihi
1382 5589 1556 5689 optimum
1597 5585 1762 5690 praebuit.
1868 5585 1977 5678 Quod
2038 5584 2082 5664 ad
2116 5611 2128 5636 ι

185 5739 338 5818 codices
374 5735 565 5841 Syriacos
611 5750 648 5817 et
687 5738 944 5842 Aethiopicos
999 5740 1146 5836 attinet,
1191 5756 1274 5814 cnm
1325 5736 1362 5811 in
1423 5732 1614 5812 codicibus
1666 5757 1779 5812 manu
1824 5735 1970 5836 scriptis
2010 5741 2084 5807 tra-
