5154 6494
1345 433 1390 484 lt'

425 659 585 739 criticum
615 657 651 734 in
684 666 791 733 retus
820 587 1097 732 Testamentum!
1121 650 1429 731 conscribendum
1455 649 1552 770 l'lll.
1587 649 1799 757 codicibus,
1832 662 1871 732 ut
1902 653 1940 730 in
1951 609 2121 757 >singulis
2154 655 2311 758 catalogi

423 841 584 920 numeris
615 834 821 930 adnotatum
851 847 920 948 est,
947 834 1158 914 liberalitate
1188 837 1292 938 regia
1327 834 1397 913 sibi
1432 785 1669 913 commodatis
1699 857 1789 912 usus
1824 844 1894 918 cst
1947 943 1952 962 ι

555 1017 603 1102 A
631 965 935 1098 Mocotttxttt.
966 1016 1033 1098 cel.
1053 1013 1172 1096 &thro
1201 1016 1454 1096 collectionem
1482 1014 1780 1119 apographorum
1799 1013 2043 1096 Arabieomm
2072 1017 2141 1098 cel.
2159 1015 2313 1096 lieialtc'i

423 1213 578 1308 emptam
611 1199 856 1280 bibliothecae
886 1201 1015 1300 regiae
1044 1223 1162 1278 annua
1191 1201 1347 1302 pecunia
1373 1197 1442 1276 sibi
1477 1208 1513 1276 et
1543 1197 1678 1277 viduae
1710 1201 1893 1303 superstiti
1927 1200 2120 1278 constituta
2156 1195 2311 1299 tradidit,

423 1410 518 1491 quae
545 1407 764 1491 quamquam
789 1383 942 1484 pretium
977 1379 1144 1459 codicum
1175 1381 1211 1458 in
1242 1382 1384 1458 oriente
1417 1381 1734 1484 transscriptorom
1763 1383 1909 1460 minime
1937 1378 2094 1482 habent,
2126 1404 2207 1460 cum
2235 1380 2311 1460 aliis

423 1568 615 1674 conjuncta
643 1566 828 1644 materiem
859 1565 1004 1642 criticae
1033 1562 1223 1666 perutilem
1257 1561 1440 1642 exhibent.
2205 1657 2209 1664 Ι

555 1745 602 1832 Α.
641 1741 961 1825 MDCCLXXXV.
1002 1743 1221 1824 bibliotheca
1269 1745 1373 1846 regia
1422 1739 1572 1822 codices
1614 1737 1796 1823 Arabicos
1842 1752 1879 1822 et
1918 1740 2091 1822 Persicos
2135 1737 2311 1822 CCLVlll

420 1931 610 2010 maximam
646 1937 785 2032 partem
805 1931 1025 2032 argumenti
1059 1926 1220 2034 historici
1254 1936 1290 2004 et
1322 1923 1472 2029 modici,
1515 1929 1576 2030 qui
1612 1921 1755 2006 Christ.
1791 1923 1946 2005 Gottlob
1974 1885 2310 2026 Krataaoateinio,

420 2113 457 2188 in
489 2105 734 2190 Universitate
760 2108 950 2188 Halnicnsi
976 2109 1186 2189 Professori
1215 2106 1393 2210 Physioas
1424 2118 1460 2186 et
1487 2105 1712 2212 Medicinae,
1761 2107 1862 2187 titulo
1893 2106 2101 2186 hereditatis
2137 2128 2183 2184 ex
2210 2103 2310 2186 lndia

423 2290 587 2370 orientali
613 2301 815 2392 venerunt,
846 2297 1007 2396 accepit,
1038 2302 1074 2370 et
1106 2289 1238 2370 eodem
1265 2289 1344 2368 lere
1370 2301 1536 2395 tempore
1564 2286 1621 2368 'vir
1647 2291 1714 2370 cel.
1743 2290 1935 2394 Gaorpiua
1960 2288 2061 2369 Httat
2095 2312 2143 2371 ex
2168 2291 2311 2370 civitate

421 2471 640 2572 llaroocana
669 2475 706 2552 in
739 2476 889 2577 patriam
923 2473 1040 2552 redux
1077 2473 1259 2552 nonnullis
1290 2471 1479 2552 codicibus
1508 2453 1678 2553 Arabicis
1709 2457 1967 2560 bibliothecam
1996 2471 2130 2554 ditavit

555 2651 602 2738 A
620 2653 922 2736 Mocccxxttt.
951 2656 1018 2735 cel.
1033 2759 1036 2764 ,
1053 2655 1155 2735 Dan.
1188 2655 1316 2736 dotat.
1341 2655 1629 2736 Moldenhaaocr
1661 2654 1911 2736 Bibliothecae
1943 2651 2309 2759 regiae‘Praeleotos

422 2839 671 2918 meritissimus
699 2837 848 2918 codices
870 2837 1075 2918 Hebraicos
1110 2851 1147 2918 et
1170 2835 1353 2918 Arabicus
1376 2835 1511 2918 Xlllll.
1537 2837 1689 2942 legavit,
1716 2848 1752 2918 et
1785 2864 1818 2920 a.
1835 2835 2124 2919 ttocccxxx
2145 2835 2310 2916 liberali-

421 3032 492 3102 tate
520 3019 759 3102 Proconsulis
788 3019 998 3100 Hainiensis
1032 3017 1063 3101 1.
1089 3019 1136 3100 ll.
1162 3019 1345 3124 Muodtii,
1377 3017 1474 3123 Regi
1508 3044 1529 3098 a
1558 3019 1719 3100 consiliis
1751 3031 1881 3125 status,
1916 3031 1954 3100 et
1978 3019 2027 3100 B.
2060 3018 2201 3123 Wolfii,
2235 3019 2310 3100 do-

422 3206 505 3300 mini
539 3201 685 3308 praedii·
705 3201 928 3307 Engelholm
964 3205 1000 3280 in
1033 3201 1241 3305 sialandia,
1289 3199 1510 3282 bibliotheca
1559 3203 1664 3306 regia
1713 3201 1862 3284 codices
1905 3202 2103 3284 nonnullos
2128 3201 2309 3284 Arabicos
2373 3207 2381 3222 “

424 3396 460 3464 et
487 3383 661 3466 Persicos
697 3387 734 3462 ln
773 3387 914 3462 oriente
950 3383 1127 3464 collectos
1169 3386 1320 3489 accepit.
1397 3380 1443 3461 A.
1473 3345 1753 3469 ttocccxtv.
1797 3407 1926 3465 omnes
1961 3384 2111 3466 codices
2140 3385 2310 3467 Hebraloi

424 3579 459 3646 ct
487 3565 648 3646 Arabici
667 3569 702 3645 in
729 3548 948 3645 bibliotheca
977 3563 1230 3650 Universitatis
1260 3567 1409 3669 servati,
1441 3577 1624 3646 annuente
1656 3565 1765 3673 Rege
1796 3569 2071 3672 augustissimo,
2101 3570 2136 3648 in
2170 3571 2309 3672 regiam

421 3749 677 3830 bibliothecam
703 3748 864 3829 translati
892 3759 988 3827 sunt.
1091 3803 1094 3810 ·
1133 3791 1139 3799 ·
1306 3715 1311 3721 ’

554 3927 662 4010 Nulla
711 3871 910 4010 occasione
954 3905 1122 4009 codicum
1172 3930 1397 4010 orientalium
1440 3932 1571 4035 copiae
1612 3928 1806 4034 augendae
1839 3933 2116 4035 praetermissa,
2164 3930 2309 4014 duobus

375 4129 381 4138 '
424 4060 526 4192 annis
557 4110 689 4193 abhinc
728 4113 940 4191 auctoritate
974 4111 1021 4193 Ε.
1052 4107 1093 4189 C.
1134 4110 1348 4215 Warloolfi,
1396 4114 1571 4217 praelecti
1601 4111 1857 4212 bibliothecae,
1888 4112 2037 4192 codices
2070 4110 2310 4194 trimatae

425 4305 459 4373 et
489 4293 655 4396 Turcici,
702 4292 787 4372 ab.
820 4288 860 4372 0.
896 4291 936 4372 Τ.
965 4291 1105 4371 Fclbio
1143 4295 1179 4371 in
1224 4295 1368 4373 civitate
1396 4293 1583 4376 'l'unetma
1619 4305 1655 4374 et
1691 4319 1811 4400 regno
1841 4290 2017 4375 Graeciae
2046 4293 2131 4376 olim
2167 4287 2313 4414 summo,

422 4486 648 4556 mercaturae
681 4485 921 4580 procuratore
951 4472 1309 4572 (General-Consul)
1344 4478 1472 4606 relicti,
1503 4479 1667 4584 acquisiti
1697 4489 1794 4582 sunt,
1825 4481 1918 4558 inter
1946 4501 2042 4584 quos
2072 4476 2165 4559 Cod.
2195 4476 2308 4558 Arah.

255 4751 259 4758 ¹
422 4658 492 4738 sub
521 4654 594 4737 No.
622 4654 873 4736 cclxxxvi
907 4659 1063 4761 optimae
1096 4667 1207 4736 notae
1232 4683 1320 4763 prae
1349 4663 1481 4740 ceteris
1515 4659 1695 4739 notandus
1724 4671 1793 4740 est.
2119 4623 2123 4628 ἡ

554 4836 621 4918 His
652 4835 699 4916 de
733 4793 1201 4942 comparationecodicum
1220 4845 1430 4944 praemissis
1456 4844 1531 4948 jam
1565 4840 1610 4922 ad
1643 4845 1759 4946 viros,
1792 4845 1854 4948 qui
1884 4839 1932 4920 de
1950 4840 2140 4923 codicibus
2162 4839 2310 4923 descri-

421 5015 551 5098 bondis
581 5017 823 5099 benemeriti
855 5033 952 5125 sunt,
980 5033 1220 5101 transeamus
1860 5025 1863 5030 ’
2572 5025 2573 5040 '

557 5199 734 5281 Codicum
760 5199 1025 5281 llehraicorum
1057 5213 1092 5281 et
1120 5187 1362 5283 Arabioorum
1400 5203 1596 5308 descriptio
1636 5201 1854 5282 brevissima
1893 5227 1912 5282 a
1950 5201 1992 5286 S.
2025 5202 2120 5285 Rev.
2146 5202 2307 5307 Addere,

421 5401 542 5458 rerum
584 5405 770 5463 sacrarum
808 5387 845 5462 in
881 5383 1025 5462 Ducatu
1058 5382 1284 5464 Slesrioensi
1328 5386 1506 5488 antistite,
1553 5387 1590 5508 in
1624 5409 1731 5464 usum
1774 5381 2018 5466 bibliothecae
2056 5365 2241 5466 elaborata
2274 5397 2314 5468 et
2365 5342 2370 5350 Ι

422 5557 602 5669 ctutogo
631 5545 960 5671 blau'uscriptorum
991 5563 1226 5646 Collectlonis
1255 5569 1391 5647 veteris
1421 5569 1556 5646 inserta
1589 5591 1656 5672 per
1684 5566 1837 5672 longum
1865 5575 2009 5673 tempus
2049 5571 2195 5649 unicum
2229 5567 2310 5650 lere

421 5744 528 5853 hujus
547 5749 696 5854 generis
716 5747 911 5830 litterarum
931 5748 1151 5853 praesidium
1168 5748 1243 5832 luit.
1278 5750 1363 5854 (cir.
1389 5751 1426 5832 J.
1447 5748 1656 5850 liliabant,
1685 5746 1822 5856 Udsigt
1849 5773 1941 5832 orer
1970 5749 2042 5832 den
2071 5751 2194 5858 gatula
2222 5748 2308 5832 blo·
