5160 6494
1389 497 1448 592 76

484 725 575 794 euim
594 719 663 792 duo
686 721 821 791 numeri
841 707 890 794 ἡ
909 725 943 787 et
961 712 1032 805 dig
1060 716 1175 789 codex
1194 724 1309 787 autem
1323 713 1391 786 No.

482 819 987 926 xxxm0m1meonmer,
1010 837 1124 910 triens
1141 843 1390 941 pausatam

482 989 561 1060 quae
583 964 668 1036 lolia
700 964 836 1059 palmea
858 964 989 1056 digitos
1022 962 1135 1033 denos
1163 972 1335 1055 septenos
1358 971 1394 1032 et

482 1089 659 1160 dimidium
691 1086 797 1180 longa
826 1097 923 1177 sunt3
965 1089 1103 1179 paginae
1132 1095 1321 1180 quaternas
1353 1083 1393 1155 li·

482 1233 568 1284 neas
590 1210 727 1282 hahent

582 1333 623 1405 lu
651 1334 836 1406 codicibus
868 1335 988 1404 insunt
1026 1331 1207 1426 complura
1241 1335 1393 1402 carmina

481 1461 633 1545 minora,
668 1460 758 1528 varii
786 1459 981 1549 argumenti
1013 1465 1049 1527 et
1076 1478 1096 1525 a
1127 1458 1238 1526 variis
1275 1457 1392 1547 poetis

480 1584 687 1682 composita.
754 1579 898 1650 Desunt
930 1600 1018 1650 vero
1052 1577 1258 1672 plerumque
1289 1599 1392 1671 quum

365 1705 374 1713 ’
458 1707 671 1775 carminum
693 1701 801 1790 tituli,
824 1711 894 1773 tum
917 1706 1056 1778 nomina
1077 1710 1267 1795 poetarum.

1567 709 1622 793 4.
1676 709 1839 793 lerl
1866 712 2234 812 grammatici

1799 843 1992 960 rme.)

1806 1065 2000 1180 xxxiv:

1699 1238 2106 1380 Studet-sangrino

1649 1409 1737 1489 (olim
1758 1412 1814 1472 No.
1842 1411 1893 1473 40.
1924 1413 2019 1475 donat.
2047 1409 2156 1488 Rasin]

1550 1577 1674 1650 Codex
1703 1577 1921 1671 undeviginti
1948 1576 2032 1650 lolia
2058 1577 2249 1672 palmarum
2276 1600 2359 1651 con-

1446 1706 1582 1790 tinans,
1614 1711 1737 1774 ternos
1767 1700 1879 1772 denos
1903 1701 2036 1794 digitos
2059 1699 2183 1796 longa3
2211 1705 2358 1796 primum

1339 1915 1350 1926 ¹
1446 1846 1593 1897 numero
1616 1834 1730 1913 caret,
1764 1833 1895 1897 caetera
1917 1823 2033 1896 literis
2061 1821 2358 1919 Singhaiensihus

849 1968 1017 2082 xllu.

769 2169 1114 2284 staramailaya

684 2318 773 2396 (olim
795 2319 850 2376 No.
871 2317 923 2378 22.
946 2321 1056 2376 collect.
1078 2314 1184 2393 llaslr.)

540 2506 664 2580 Codex
690 2505 774 2579 lolia
798 2508 1015 2599 undeviginti
1039 2504 1175 2610 palmea
1196 2509 1393 2594 continens,

380 2623 389 2638 ‘
482 2633 614 2725 digitos
647 2641 838 2724 quaternos
868 2631 980 2700 denos
1004 2639 1040 2700 et
1067 2630 1244 2700 dimidium
1275 2628 1393 2724 longa,

482 2754 597 2826 literis
616 2751 914 2848 Singhalensibus
932 2751 1031 2828 'at-fis
1046 2757 1192 2846 signata.
1244 2751 1394 2846 Paginae

484 2887 671 2974 quaternas
690 2876 804 2949 lineas
821 2875 956 2948 liabent.
1001 2875 1138 2968 Pagina
1152 2874 1228 2947 solii
1248 2895 1282 2948 m
1297 2885 1395 2947 recta

483 3013 619 3089 ternoS,
643 3011 783 3072 caeterae
801 3021 924 3072 omues
947 3000 1052 3071 binos
1071 3020 1202 3070 versus
1217 2999 1394 3104 exhibent,

482 3127 542 3218 qui
565 3127 746 3219 quaternis
780 3126 816 3193 in
849 3123 993 3193 casdem
1027 3120 1149 3193 literas
1180 3122 1394 3194 exeuntibus

481 3241 587 3316 lineis
606 3255 777 3316 coustant.

585 3364 734 3438 Carmen
765 3342 1069 3466 dovora-mdloyc
1113 3369 1147 3438 in
1183 3365 1321 3439 laudem
1360 3377 1397 3438 et

483 3489 653 3561 honorem
686 3490 839 3584 Durgae,
858 3495 999 3592 *uxoris
1027 3493 1126 3586 Civae
1160 3475 1403 3586 compositum-

483 3622 557 3700 cst,
594 3622 631 3684 et
659 3614 701 3685 ad
724 3613 891 3709 Kappca
923 3617 1002 3686 sive
1038 3614 1231 3686 daemonum
1265 3613 1395 3686 cultum

483 3739 641 3828 pertinet

842 3997 1030 4110 XXXlll.

750 4217 1130 4288 Amba-vidamana

708 4341 791 4412 (clim
813 4341 869 4399 No.
890 4339 922 4401 2.
942 4342 1053 4400 collect.
1076 4341 1177 4416 liaslr.)
1233 4421 1241 4436 1

587 4525 711 4599 Codex
734 4527 818 4601 solia
840 4529 1037 4601 octodecim
1061 4527 1250 4624 palmarum
1285 4509 1395 4603 conti·

485 4671 591 4738 nenS,
615 4660 807 4744 quaternos
831 4653 944 4724 denos
968 4653 1101 4746 digitos
1125 4651 1249 4745 longa,
1280 4653 1394 4726 literis

484 4771 781 4867 Singhalensihus
802 4793 900 4850 st-uu
918 4769 1074 4868 ‘signata
1136 4773 1284 4869 Paginae
1314 4801 1396 4872 qua-

483 4907 603 4968 ternas
632 4895 744 4968 lineas
778 4896 929 4984 habeut,·
964 4908 1000 4969 et
1030 4897 1235 4993 plerumque
1270 4911 1394 4973 ternos

484 5040 614 5090 versus
626 5029 870 5114 quaternarum
889 5019 1069 5108 linearum,
1092 5043 1172 5115 quae
1193 5026 1228 5094 in
1248 5025 1394 5096 eosdem

484 5162 597 5212 sonos
620 5143 755 5214 cadunt.
992 5142 999 5156 '

587 5263 736 5337 Carmen
766 5262 1117 5338 Amba-aldamum
1156 5269 1190 5337 in
1223 5265 1393 5340 honorem

484 5386 560 5457 deae
582 5383 835 5461 Partiri-deni
857 5392 1092 5483 compositum
1115 5399 1188 5477 est,
1220 5414 1299 5485 quae
1325 5415 1393 5465 cae-

482 5519 582 5594 teros
605 5508 784 5582 daemones
807 5515 843 5582 iu
864 5516 980 5606 pomis
1003 5512 1127 5606 Mangi
1149 5511 1297 5606 (anaba)
1320 5519 1391 5588 ictu

482 5629 651 5701 feriendis
693 5653 889 5726 superasse
928 5636 1083 5708 traditur.
1148 5637 1308 5713 Pertinet
1348 5641 1391 5712 ad

480 5751 582 5826 tidem
605 5773 746 5842 eorum,
769 5759 827 5848 qui
851 5757 1030 5832 daemones
1053 5759 1180 5833 colunt

1445 1968 1543 2025 aaut
1575 1951 1714 2042 signata
1747 1957 1848 2038 suut3
1892 1951 2030 2042 paginae
2063 1957 2212 2021 octonas
2245 1945 2358 2020 lineas

1446 2072 1584 2144 hahent.

1548 2193 1588 2265 ln
1618 2193 1744 2266 codice
1775 2195 1870 2265 inest
1897 2193 1988 2265 libcr
2016 2190 2359 2290 Siddatccnprrioa

1447 2321 1526 2390 sive
1570 2313 1911 2412 Sidet-campere,
1962 2320 2186 2408 grammatica
2230 2315 2359 2410 linguae

1446 2439 1614 2528 Eluicae,.
1638 2461 1739 2533 quam
1772 2437 1946 2511 sacerdos
1979 2436 2187 2512 Buddhicus
2221 2444 2359 2513 nomine

1448 2561 1709 2658 Dlmrmapdla
1730 2565 1964 2657 conscripsit,
1993 2565 2071 2656 qui,
2094 2573 2187 2635 teste
2209 2563 2358 2652 Rdslrio,

1447 2687 1571 2759 abhinc
1605 2685 1700 2757 mille
1738 2695 1773 2758 et
1815 2689 2028 2780 quingentos
2069 2707 2181 2759 annos
2221 2689 2359 2758 vixisse

1447 2811 1605 2882 traditur.
2104 2819 2115 2832 ‘

1817 3036 1987 3152 XXXV.

1715 3223 2104 3350 Eho-absaradiya'

1652 3379 1742 3458 (olihr
1767 3383 1821 3439 No.
1850 3380 1902 3444 38.
1932 3383 2029 3441 donat.
2052 3381 2157 3459 liaslr.)

1551 3547 1676 3620 Codex
1698 3546 1783 3620 solia
1805 3547 1855 3618 dd
1876 3547 2067 3642 palmarum
2089 3552 2287 3638 continente,
2310 3549 2360 3620 di-

1447 3677 1544 3767 gitos
1568 3681 1740 3766 septenos
1764 3672 1877 3744 denos
1899 3681 1936 3743 et
1966 3672 2144 3744 dimidium
2166 3671 2291 3766 longa,
2315 3671 2361 3770 ii·

1447 3800 1536 3868 teris
1559 3793 1856 3888 Singhalensibus
1882 3785 1980 3872 mast
2009 3799 2164 3888 signata3
2200 3778 2359 3868 omissus

1448 3924 1539 3992 enim
1574 3930 1632 3991 est
1664 3939 1833 3990 numerus
1866 3939 1904 4024 ᾖ.
1972 3916 2120 4011 Paginae
2156 3917 2360 4013 plerumque

1448 4052 1619 4136 septenas
1641 4041 1754 4112 lineas
1776 4041 1915 4112 hahent.
2003 4075 2006 4081 Α

1398 4213 1403 4218 -
1551 4163 1685 4238 Codice
1717 4166 1917 4234 continetur
1938 4163 2201 4236 vocabularium
2230 4162 2360 4256 linguae

1448 4285 1604 4374 Eluicae,
1638 4286 1733 4380 quod
1764 4289 1799 4357 in
1830 4297 1955 4358 nostro
1978 4287 2104 4358 codice
2127 4285 2228 4359 titulo
2251 4296 2359 4359 caret.

1448 4395 1632 4482 Voca'hula
1654 4409 1793 4497 Eluica,
1817 4407 2047 4502 Singhalensi
2071 4412 2360 4503 interpretatione

1447 4533 1647 4628 explicata,
1691 4530 1904 4620 inliteraS,
1952 4554 1973 4603 a
2012 4533 2140 4627 quihus
2174 4535 2359 4626 incipiunt,

1447 4658 1587 4750 digesta
1621 4664 1704 4726 sunt
1739 4655 1945 4752 quintuplici
1981 4651 2187 4750 pierumque
2215 4656 2358 4741 ordine,
2467 4753 2470 4760 .

1448 4783 1494 4852 ita
1519 4787 1557 4850 ut
1580 4777 1732 4871 singulae
1754 4781 1891 4872 paginae
1915 4781 2049 4850 tricena
2067 4781 2171 4873 quina
2187 4775 2359 4850 vocabula

1447 4901 1641 4974 exhibeant.

1812 5127 1998 5242 xxxvl.

1711 5347 2087 5440 Ele-atsaradiyn

1499 5473 1571 5550 [No.
1595 5475 1660 5534 XV.
1685 5474 1790 5548 chana
1813 5475 1883 5532 olim
1905 5476 1959 5532 No.
1982 5473 2033 5534 41.
2056 5474 2167 5531 collect.
2190 5469 2298 5548 Rasin.)

1547 5639 1671 5712 Codex
1693 5640 1915 5730 clrartaceuS,
1939 5663 2037 5713 more
2060 5639 2239 5732 Europaeo
2261 5660 2355 5710 com·

1445 5773 1588 5857 pactus,
1619 5761 1740 5836 formae
1763 5767 2018 5872 quaternariam
2052 5761 2183 5835 chartae
2206 5760 2354 5848 ludicre,

2571 3509 2574 3690 l

2571 3727 2574 3912 l
