5160 6494
364 5562 367 5571 ¹
497 5573 530 5644 a)
553 5575 607 5630 Cir.
626 5575 719 5629 Besoltl
744 5575 874 5632 Grammar
897 5579 926 5632 ol
949 5579 991 5634 tlte
1012 5579 1093 5635 Sltm
1116 5579 1217 5652 Tunnil,
1242 5584 1382 5638 translated

1304 529 1313 548 ⁸
1376 491 1437 588 86

580 709 688 782 Liber
738 675 1281 806 Tiro-eolloadr-uiottnppcd,
1323 714 1405 836 qnip
1435 731 1511 782 eem
1535 711 1671 782 codicis
1695 713 1936 806 septendecim
1957 713 2041 785 lolia
2057 711 2173 785 aliena
2192 723 2342 800 exstant,

475 842 507 906 in
531 835 655 908 codice
677 837 787 922 inest,
817 837 972 906 eontinet
993 837 1136 906 circiter
1159 832 1258 904 1330
1286 833 1384 904 disti·
1435 857 1514 928 quae
1536 836 1579 906 ad
1601 834 1734 930 aliquot
1757 834 1899 908 libellos
1923 838 2089 918 diversos
2112 839 2296 931 pertinent.

475 960 538 1030 cia
572 948 766 1051 argumenti
799 955 963 1046 moralis,
999 981 1077 1051 quac
1107 961 1186 1028 viro
1214 979 1233 1028 c
1261 955 1382 1027 lrumili

477 1081 643 1178 Paruyca
670 1080 793 1172 ordine
816 1090 915 1167 orto,
945 1083 1047 1174 cujus
1069 1103 1157 1152 vero
1181 1102 1309 1152 nomeu
1332 1082 1383 1172 iga
1798 1065 1985 1179 XXXVI,

475 1215 591 1275 notum
615 1215 693 1292 est,
716 1204 963 1276 adscribuntur
980 1202 1021 1292 ⁴³).
1761 1284 1898 1381 maga
1927 1287 2015 1358 nidi

702 1447 705 1452 .
832 1431 1019 1547 XXXIV·
1709 1408 1744 1485 (a
1766 1413 1877 1472 collect.
1902 1407 2075 1487 nagream.)
2157 1488 2161 1498 Ι

1538 1571 1661 1646 Codex
1691 1575 1781 1647 dnos
1814 1576 1957 1650 lilrcllos
1991 1582 2164 1666 continet,
2198 1599 2346 1672 quorum

1436 1694 1519 1767 lolia
1545 1696 1680 1790 palmea
1703 1700 1864 1772 undenos
1889 1701 2020 1794 digitos
2043 1701 2150 1794 longa
2171 1711 2263 1774 sunt.

1531 1821 1575 1890 ln
1607 1825 1744 1914 priore,
1778 1827 1836 1916 qui
1869 1827 2022 1918 quinque
2055 1824 2152 1896 loliis
2184 1835 2345 1910 constat,

663 1651 1203 1748 Naladiyair-aliattu·ppdl

744 1778 779 1856 (e
801 1782 912 1838 collect.
933 1757 1107 1854 anlsaofq.)

577 1945 699 2017 Codex
722 1945 805 2017 solia
822 1943 872 2036 75
893 1945 1083 2040 palmarum
1102 1947 1299 2029 continens,
1321 1965 1383 2012 un·
1436 1964 1584 2036 quorum
1614 1949 1751 2038 paginae
1779 1950 1903 2039 quinas
1933 1946 2046 2020 lineas
2073 1948 2217 2035 habent,
2253 1951 2347 2018 inest

474 2073 586 2142 denos
607 2070 739 2162 digitos
758 2070 874 2162 longa,
898 2091 1046 2162 quorum
1067 2072 1216 2161 paginae,
1238 2061 1384 2160 pulchra
1436 2065 1616 2156 collectio,
1645 2067 1865 2164 Ulaya-nidi
1892 2073 2072 2164 inscripta,
2095 2074 2347 2142 sententiarum

474 2197 650 2286 scriptura
672 2202 837 2279 exaratae,
860 2196 984 2286 quinas
1008 2190 1121 2262 lineas
1143 2191 1290 2261 liabent.¹
1435 2189 1644 2286 moralium,
1668 2215 1746 2286 quac
1782 2215 1948 2264 sermone
1982 2197 2178 2288 antiquiore
2212 2204 2247 2266 et
2275 2192 2348 2267 ele·

576 2297 711 2387 Codice
731 2318 929 2386 continetur
948 2313 1038 2385 liber
1048 2313 1383 2411 Ndlodiydr-oiat-
1435 2318 1596 2407 gautiore
1620 2319 1834 2409 conscriptae
1856 2325 1949 2387 sunt.

472 2439 624 2535 tra-ppo!
656 2441 866 2531 inscriptus,
908 2442 943 2509 in
976 2460 1046 2533 quo
1075 2442 1194 2510 insunt
1224 2437 1384 2532 quadrin·
1537 2435 1728 2509 Posterior
1751 2461 1838 2510 vero
1866 2439 2026 2529 libelluS,
2055 2442 2114 2533 qui
2136 2449 2273 2532 septem
2296 2439 2347 2509 lo·

473 2573 577 2656 genta
605 2565 853 2656 epigrammata
875 2560 1039 2649 moralia,
1072 2566 1202 2656 optima
1232 2583 1278 2632 ex
1300 2569 1383 2631 octo
1436 2558 1495 2630 liis
1517 2571 1668 2648 constat,
1693 2573 1840 2655 qu'ocum
1863 2567 2000 2656 paginae
2022 2585 2129 2635 senas
2152 2561 2265 2634 lineas
2288 2562 2346 2634 ha·

472 2685 639 2773 millibus,
662 2707 741 2780 quae
759 2685 901 2756 totidem
921 2695 1048 2778 poetae,
1071 2685 1183 2756 aulam
1202 2683 1384 2778 cujusdam
1435 2683 1530 2772 bent,
1553 2689 1710 2756 continet
1732 2683 2001 2778 explicationem
2024 2685 2104 2757 libri
2128 2684 2349 2782 Ulaya-nida·

472 2814 571 2904 regis
604 2813 794 2901 aggressi,
837 2820 873 2880 et
905 2809 1034 2880 invidia
1069 2817 1251 2902 poetarum
1284 2810 1383 2899 regis
1436 2829 1603 2878 sermone
1625 2809 1827 2900 quotidiano
1851 2813 2091 2904 compositam.

473 2934 596 3025 lugere
631 2935 762 3020 coacti,
798 2933 910 3028 pridie
942 2919 1035 3024 fugae
1065 2911 1211 3025 vesperi
1241 2951 1384 3024 compo·

473 3061 594 3128 suisse
618 3057 790 3126 dicuntur.
855 3053 1014 3128 Tradunt
1034 3076 1157 3146 regem
1185 3052 1278 3148 iugac
1299 3074 1384 3147 poe·
1788 3038 1995 3151 XXXVII,

473 3193 583 3252 tarum
599 3184 651 3250 ira
665 3183 859 3266 incensum,
875 3182 1121 3272 epigrammata
1139 3176 1198 3248 illa
1210 3181 1244 3248 in
1257 3176 1384 3247 llumeu

473 3305 576 3395 dejici
592 3304 766 3396 jussisse,
784 3300 911 3371 ilumen
930 3322 1018 3371 vero
1038 3305 1287 3395 epigrammata
1302 3321 1385 3393 qna·

473 3429 676 3518 dringenta,
713 3446 791 3518 quae
820 3428 855 3494 in
884 3423 974 3495 libro
1007 3423 1385 3521 Noladiydr-or'ottu-

471 3549 566 3644 ppdl
586 3547 738 3620 collecta
761 3557 855 3635 sunt,
879 3569 1023 3619 sursum
1045 3549 1203 3620 vexisse.
1539 3547 1663 3620 Codex
1686 3555 1720 3622 in
1744 3550 1811 3638 linc
1834 3573 1997 3640 mancus,
2024 3561 2064 3626 ut
2086 3573 2177 3623 nnnc
2200 3561 2268 3640 est,
2297 3548 2348 3622 io·

1436 3671 1483 3744 lia
1505 3683 1641 3767 septem
1669 3673 1857 3768 palmarum
1881 3679 2079 3764 continens
2102 3696 2213 3747 senos
2235 3675 2346 3746 denos

845 3777 1011 3892 XXXV,
1437 3799 1569 3890 digitos
1592 3796 1717 3892 longa,
1754 3821 1901 3892 quorum
1929 3802 2066 3893 paginae
2091 3809 2211 3871 ternas
2234 3798 2347 3870 lineas

1436 3919 1573 3993 liabent.

1540 4045 1577 4115 m
1607 4047 1731 4116 codice
1761 4048 1855 4116 mest
1885 4049 2018 4117 inritum
2051 4044 2132 4116 tim-t
2159 4029 2347 4126 Alcanor,

1319 4212 1323 4222 ·
1436 4167 1581 4240 moralis
1605 4172 1840 4261 argumenti,
1888 4149 1947 4265 qui
1987 4173 2161 4262 poetriae,
2207 4172 2347 4239 nomine

576 4280 700 4360 Codex
723 4311 887 4378 maneus,
910 4299 948 4361 ut
976 4311 1069 4360 nunc·
1096 4298 1170 4378 est,
1204 4287 1287 4360 lolia
1312 4287 1384 4360 lio
1435 4289 1589 4388 Anydr,
1617 4292 1838 4362 adscribitur.
1892 4293 2124 4386 (Maclenzie
2146 4291 2285 4365 collect.
2312 4289 2346 4364 l.

474 4414 662 4507 palmarum
686 4415 891 4500 continens,
926 4414 1058 4507 digitos
1081 4422 1253 4508 septenos
1277 4425 1311 4487 ot
1334 4415 1384 4486 di·
1436 4439 1468 4508 p.
1495 4415 1597 4507 ato.)
2245 4409 2249 4414 ’

473 4537 614 4608 midium
648 4533 754 4628 longa
787 4545 824 4606 et
857 4540 1014 4609 utrmeris
1046 4535 1239 4610 'l'amulicis
1270 4538 1383 4612 1499

473 4664 628 4752 signata3
648 4659 776 4730 desunt
792 4663 883 4730 enim
898 4664 1020 4754 viginti
1039 4660 1134 4751 solia,
1157 4662 1232 4734 106
1247 4674 1282 4735 ct
1295 4664 1383 4735 144-
1771 4645 1998 4760 XXXVIII,

473 4782 558 4854 162.
628 4781 777 4876 Paginae
815 4782 1021 4879 plerumque
1061 4797 1231 4882 septenas
1270 4787 1383 4861 lineas

460 4909 608 4978 ·habent

573 5030 613 5101 ln
647 5029 772 5102 codice
807 5033 902 5102 inest
934 5030 1101 5105 collectio
1133 5038 1381 5108 sententiarum
1538 5031 1661 5102 Codex
1707 5029 1789 5102 lolia
1827 5029 1874 5101 27
1914 5029 2102 5124 palmarum
2139 5035 2345 5120 contiuenS,

472 5167 507 5225 at
531 5159 815 5248 epigrammatum
837 5152 1036 5244 moralium,
1065 5181 1168 5252 quum
1196 5159 1382 5247 versibus,
1437 5155 1567 5248 digitos
1588 5165 1760 5248 septenos
1782 5155 1894 5226 denos
1914 5154 2037 5247 longa3
2061 5158 2197 5248 paginae
2215 5159 2346 5248 prioris

471 5291 542 5347 tum
566 5277 686 5353 soluto
709 5299 875 5350 sermone
898 5285 1186 5374 compositorum.
1235 5282 1289 5354 Ad
1313 5282 1383 5354 cal-
1435 5282 1546 5373 partis
1570 5288 1778 5371 quaternae,
1814 5281 2030 5372 posterioris
2061 5299 2148 5349 vcro
2179 5279 2279 5349 binas
2307 5277 2347 5348 ii-

1435 5407 1525 5474 ucas'
1544 5402 1680 5473 liabent.

1536 5525 1574 5596 ln
1612 5525 1737 5596 codice
1777 5529 1896 5598 insunt
1934 5527 2003 5598 duo
2040 5523 2118 5595 libri
2152 5528 2347 5617 argumenti

556 5679 590 5740 a,
617 5677 647 5730 a,
678 5677 707 5732 e,
730 5677 880 5745 Batneos.
910 5680 1022 5736 Metro.
1048 5679 1113 5738 1822
1146 5674 1186 5737 4¹⁰
1214 5705 1237 5758 Ρ,
1268 5685 1324 5753 xp„
1358 5699 1383 5740 θ,
1433 5649 1597 5736 moralis,
1621 5647 1803 5721 Nol-vati
1825 5659 1860 5720 et
1881 5648 2050 5721 Atticum·
2073 5651 2251 5742 inseripti,
2287 5651 2344 5740 qui

558 5779 702 5833 mactanda
723 5779 824 5834 collect.
848 5781 870 5835 1.
893 5801 916 5856 p.
939 5781 989 5838 232
1009 5801 1065 5855 sqq.
1433 5777 1581 5868 poetriae
1603 5771 1737 5868 Aoyo'r
1757 5773 2016 5846 adscribuntur.

1791 3237 1992 3352 Attisudi
2088 3277 2092 3284 ·

1709 3382 1745 3460 (a
1767 3385 1877 3441 collcet.
1900 3383 2075 3461 Fuglsang.)

828 3997 1028 4070 Nitisara

740 4127 775 4199 (e
804 4125 913 4182 collect.
943 4121 1117 4199 Fuglsang.)

1649 4844 1852 4918 Nol-vari
1875 4855 1911 4916 et
1939 4845 2138 4916 Atttsndt
