5154 6494
1191 435 1217 486 V

159 697 161 702 ·
263 601 585 754 nnseriptsauding
616 651 628 728 i
663 647 724 728 det
757 659 860 730 store
895 647 1110 757 llongelige
1138 650 1364 758 Bibliothal,
1406 637 1711 735 Haluiae1786.
1755 680 1792 761 p.
1828 655 1970 761 4-9.)
2042 661 2153 782 Cujus

92 777 96 782 Ι
263 834 421 935 vestigia
445 833 504 910 vir
533 808 662 910 eximia
692 828 856 911 doctrina
881 829 919 912 b.
949 833 1001 914 M.
1019 833 1068 916 H.
1083 832 1330 939 lhrblcnbcrp
1362 837 1398 916 iu
1428 833 1671 917 Universitate
1694 836 1886 919 Halniensi
1911 839 1977 922 Dr.
1996 844 2033 924 dt
2051 842 2154 928 Prol.
2234 898 2239 906 -

265 979 496 1117 Theologiae
531 1024 749 1117 persecutus
786 967 994 1118 catalogum
1034 1015 1202 1095 codicum
1227 1015 1517 1122 Hebraicorum,
1567 1018 1757 1100 codicibus
1793 1009 1967 1103 Arabicis
1998 1027 2036 1105 in
2081 1024 2155 1107 hoc

263 1217 379 1299 opere
404 1169 659 1300 antepositum,
687 1195 961 1300 diligentissima
995 1221 1084 1278 cura
1117 1197 1277 1277 coniecit
1305 1199 1460 1304 ejusque
1483 1164 1678 1280 editionem
1701 1207 1865 1306 paravit.
1905 1203 2010 1298 Quae
2030 1229 2079 1287 ne
2107 1210 2152 1288 ad

261 1377 372 1485 hueru
395 1376 673 1482 perduceretur,
703 1401 804 1458 mors
834 1381 943 1458 tristis
975 1390 1012 1459 et
1036 1382 1223 1460 immatura
1256 1379 1389 1460 ellecit.

396 1558 495 1639 luter
520 1559 670 1640 codices
702 1556 885 1640 Arabicus
916 1559 1066 1641 codices
1096 1560 1308 1642 charactere
1339 1561 1465 1658 Culico
1496 1572 1665 1689 enaratos
1700 1562 1796 1642 idem
1828 1563 1870 1644 S.
1906 1563 1950 1646 ll.
1981 1563 2154 1650 Adlcros

224 1737 407 1864 ''libello,
441 1743 502 1846 qui
531 1742 756 1854 insontium
804 1727 1034 1850 ,Descriplio
1066 1745 1234 1825 codicum
1268 1744 1497 1852 quorundum
1525 1743 1734 1824 Cufieorum
1760 1759 1881 1851 partes
1911 1747 2045 1830 Coroni
2078 1775 2152 1832 cx-

260 1921 458 2002 bibcntiurn
491 1885 535 2001 in
557 1919 778 2004 bibliotheca
810 1926 914 2028 regia
947 1925 1148 2006 llauuicnsi
1178 1937 1288 2006 etex
1315 1926 1445 2006 iisdem
1478 1925 1731 2032 descriptura
1760 1926 1884 2009 Colica
1911 1928 2151 2012 observatio·
2260 2010 2267 2018 .

205 2195 208 2199 ⁴
259 2099 960 2212 nesnovae,arr0nae1rsott⁰“,
998 2106 1191 2213 diligenter
1230 2117 1479 2214 perscrutatus
1516 2118 1592 2208 est,
1635 2133 1730 2213 quae
1774 2097 1892 2192 studia
1924 2111 2016 2194 Rev.
2049 2111 2150 2218 Mag.

257 2286 349 2365 Juc.
362 2282 452 2366 dtr.
468 2284 664 2391 Lindberp
684 2289 907 2368 continuavit
935 2299 971 2368 et
985 2292 1021 2411 in
1043 2251 1197 2396 epistola
1215 2290 1494 2395 Francogallice
1511 2292 1662 2396 scripta:
1701 2290 1845 2400 ,bettre
1877 2291 1964 2374 ahl.
1984 2293 2020 2374 le
2036 2292 2152 2375 Chen.

258 2465 301 2546 P.
320 2466 365 2548 0.
385 2465 591 2547 Broudsted
624 2493 689 2548 sur
712 2411 892 2588 quelques
918 2471 1105 2555 meraritas
1136 2475 1300 2580 coliques
1328 2472 1419 2554 dans
1446 2473 1484 2551 le
1511 2472 1656 2553 cabinet
1680 2472 1730 2553 du
1750 2453 1821 2554 Roi
1851 2474 1898 2556 de
1920 2475 2151 2558 Dauemarclr
2185 2486 2188 2492 “

259 2709 271 2727 .
301 2701 314 2732 .
344 2707 354 2728 .
383 2661 454 2728 .et
478 2675 543 2732 sur
571 2651 759 2757 quelques
774 2650 1021 2736 Mcuuacritr
1054 2656 1240 2769 cufiqcca,
1272 2652 1572 2761 (lopenh1830
1597 2647 1699 2758 trs,
1734 2657 1869 2735 eximia
1901 2655 2088 2763 diligentia
2114 2672 2150 2738 et

257 2832 447 2913 doctrinae
476 2835 582 2938 eopia
616 2832 663 2912 de
696 2815 941 2940 antiquissima
966 2834 1131 2918 Arabum
1161 2785 1341 2944 scriptura
1372 2835 1576 2941 disputavit.

394 3013 572 3095 Codicum
587 3012 831 3097 Arabicorum
862 3017 1074 3099 charactere
1095 3021 1302 3100 recentiore
1324 3029 1553 3146 exaratorum
1583 3015 1791 3122 catalogum
1809 3019 1846 3096 iu
1872 3041 1979 3097 usum
2008 3017 2149 3099 biblio-

255 3197 388 3277 thecae
427 3199 606 3302 pn'vatum
646 3201 892 3304 conscriptum
924 3203 989 3329 ¹vir
1034 3199 1266 3282 doctissimus
1299 3201 1335 3280 b.
1370 3225 1417 3282 nr.
1450 3201 1581 3281 Jmcua
1619 3199 1774 3282 haaren
1800 3201 2074 3306 Boemoraeus,
2114 3155 2151 3282 in

257 3371 503 3460 Universitute
538 3379 730 3500 Halniensi
761 3378 864 3461 Prol.
899 3379 967 3462 hb.
1001 3381 1256 3488 Orientalium,
1297 3384 1459 3464 exhihuit
1496 3395 1533 3464 et
1563 3393 1735 3489 excerpta
1765 3385 1801 3462 in
1831 3404 1968 3487 opere:
2008 3381 2151 3464 Fund-

256 3561 407 3666 prubcn
433 3562 505 3643 des
532 3561 693 3643 Oricats
726 3561 769 3646 Τ.
795 3561 857 3644 Ν.
886 3588 922 3668 p.
948 3561 1144 3643 325-29
1175 3565 1309 3669 publici
1329 3567 1422 3671 juris
1448 3565 1547 3670 lecit,
1579 3589 1688 3670 quem
1714 3587 1913 3645 successor
1939 3567 1975 3642 in
2000 3589 2153 3644 munere
2226 3531 2229 3537 ¹
2391 3571 2397 3582 ’

256 3744 445 3825 secundus
476 3745 513 3824 b.
538 3769 585 3830 m.
612 3740 703 3830 Car.
734 3743 874 3826 Theod.
897 3745 1130 3826 dehonorent
1148 3749 1340 3853 castigavit
1364 3746 1522 3853 ejusque
1559 3745 1756 3826 editionem
1790 3747 1961 3849 auspiciis
1987 3747 2089 3848 regis
2115 3746 2151 3824 h.
2235 3771 2240 3778 ·

257 3952 307 4007 m.
332 3927 538 4044 Frcdcrici
560 3926 618 4009 Vt
649 3952 681 4007 a.
700 3923 1044 4040 dccccxxxvrt
1069 3930 1219 4032 paravit.
1278 3927 1386 4024 Quod
1415 3953 1464 4007 ne
1489 3951 1670 4033 prospere
1704 3929 1882 4029 eveniret,
1912 3925 2151 4007 inlinuissima

256 4079 430 4190 valetudo
460 4119 496 4188 et
524 4077 623 4188 mors
651 4135 684 4190 a.
714 4106 948 4190 thCCOXL
974 4109 1099 4190 litteris
1129 4110 1272 4191 funesta
1301 4061 1517 4195 ellecerunt.
1574 4111 1693 4190 lacuit
1722 4107 1940 4215 aliquamdiu
1964 4130 2059 4213 opus
2089 4111 2152 4187 in-

258 4301 404 4397 ceptum
434 4315 554 4396 usque
583 4290 627 4370 ad
656 4295 821 4396 tempora
853 4295 954 4396 regis
980 4289 1018 4372 b.
1037 4316 1086 4372 ιιι.
1118 4288 1338 4420 Christiani
1360 4243 1458 4376 Vtri.
1476 4289 1738 4397 Angustissimi
1763 4290 1959 4369 litteranuu
1986 4271 2151 4394 fautoris,

258 4476 322 4578 qui
338 4473 490 4570 consilio
509 4482 666 4578 quatuor
680 4475 842 4556 virorum
858 4477 1072 4554 constituto:
1096 4472 1132 4553 b.
1147 4497 1194 4552 m.
1217 4471 1258 4555 0.
1275 4471 1320 4555 F.
1338 4472 1387 4551 dc
1402 4429 1604 4578 Romulei,
1630 4473 1676 4554 Ε.
1695 4469 1736 4552 0.
1762 4466 1976 4573 Wcrlousfi,
1997 4471 2035 4548 J.
2055 4467 2152 4550 Ola-

259 4653 428 4734 lruuacni
447 4656 483 4732 in
508 4591 753 4734 Universitata
773 4653 975 4736 llilonieusi
991 4653 1061 4735 bb.
1081 4651 1253 4737 Oriental.
1269 4651 1515 4756 Prolessoris,
1529 4653 1617 4738 Joh.
1651 4653 1736 4733 Nic.
1762 4650 1965 4754 Madvigii,
1997 4661 2085 4730 tunc
2116 4655 2151 4744 in

147 4887 149 4890 -
259 4833 504 4916 Universitate
526 4834 717 4915 llalniensi
740 4833 780 4916 t.
805 4833 882 4916 Lat.
906 4835 1152 4940 Prolessoris,
1182 4835 1374 4940 catalogos
1403 4833 1571 4915 codicum
1595 4837 1755 4914 omnium
1771 4833 2098 4936 manuscriptorum
2115 4833 2151 4909 in

259 5016 480 5098 bibliotheca
508 5019 613 5122 regia
641 5028 871 5097 servatomm
904 5015 963 5098 edi
985 5018 1106 5124 jussit.
1165 5015 1330 5110 Quorum
1351 5017 1603 5122 catalogorum
1617 5017 1731 5120 prima
1748 5037 1849 5120 pars,
1878 5009 2027 5090 codices
2046 5008 2152 5124 lndi-

261 5223 327 5280 cos
345 5200 581 5312 amplectens,
615 5202 651 5279 in
684 5197 802 5280 lucem
822 5202 898 5306 jarn
931 5224 978 5279 a..
998 5141 1291 5284 ltuoccxnvd.
1323 5199 1471 5305 prodiit,
1505 5222 1613 5304 quam
1634 5196 1727 5277 hace
1749 5195 1859 5274 altera
1876 5216 1977 5298 pars,
2005 5203 2151 5297 praeter

262 5380 543 5488 descriptionem
570 5380 739 5461 codicum
756 5380 1022 5462 llehraicorum
1045 5381 1091 5462 ab
1106 5379 1374 5488 Hohlendcrpo
1401 5379 1562 5460 relictam
1581 5375 1729 5457 codices
1745 5372 1928 5456 Arabicus
1946 5377 2152 5477 continens,

202 5596 205 5606 ·
260 5559 388 5700 studiis
421 5561 581 5671 assiduis¹
608 5564 655 5645 cl.
681 5561 920 5644 Olshuuacni
944 5561 1066 5645 denuo
1098 5565 1274 5667 castigata
1300 5572 1336 5641 et
1358 5585 1402 5640 ea
1421 5562 1563 5640 ratione
1579 5565 1741 5662 tractata,
1774 5581 1883 5664 quaur
1901 5568 2017 5640 status
2036 5554 2152 5636 hodi·
2279 5523 2286 5546 ⁸

262 5763 371 5834 emus
408 5741 604 5826 litterarum
631 5741 871 5826 Arabicarum
911 5747 947 5824 in
973 5742 1179 5827 occidente
1218 5743 1392 5826 cultarum
1429 5741 1602 5848 postulat,
1644 5763 1729 5822 mox
1761 5751 1888 5824 secuta
1918 5749 2041 5856 esset,
2072 5735 2147 5815 nisi
