5154 6494
841 2407 844 2416 t
994 2263 1443 2390 PRAEFATIO.

1130 2604 1314 2630 *⁴0*-

275 2769 395 2930 quae
426 2833 649 2908 incrementa
668 2825 808 2906 litterae
837 2829 1033 2910 orientales
1068 2829 1275 2940 inEnropa
1308 2833 1504 2937 quotannis
1535 2843 1726 2936 ceperunt,
1755 2857 1799 2911 ea
1834 2833 2026 2939 catalogos
2057 2837 2168 2916 codi-

277 3037 358 3092 cum
390 3011 741 3137 manuscriptorum,
783 3009 915 3114 quibus
950 3009 1130 3092 thesauri
1151 3011 1453 3094 bibliothecarum
1478 3016 1612 3094 nemini
1646 3026 1706 3094 aut
1733 3017 1928 3120 perpaucis
1962 3019 2101 3124 cogniti
2131 3021 2167 3101 in

275 3197 393 3274 lucent
424 3191 691 3324 proferantnrp
708 3215 815 3298 quam
848 3194 1004 3273 maxime
1036 3197 1210 3299 exigunt,
1255 3217 1369 3300 quare
1399 3193 1595 3324 poscriptio
1629 3195 1797 3276 codicum
1837 3203 2168 3306 manuscriptorum

276 3375 524 3478 orientalium,
559 3397 715 3480 quorum
758 3387 796 3454 et
830 3375 938 3480 eopia
974 3385 1010 3454 et
1052 3378 1271 3481 praestantia
1312 3375 1548 3457 trottotteca
1573 3384 1696 3482 'ropiu
1734 3378 1971 3484 Husnirnaie
2004 3385 2166 3489 plurimis

275 3557 504 3640 bibliothecis
535 3555 821 3637 occidentalibus
856 3557 1054 3685 antecellit,
1091 3559 1167 3663 jam
1196 3557 1421 3664 temporibus
1451 3558 1488 3636 b.
1522 3535 1623 3664 regis
1656 3559 1863 3642 Frcdcrict‘
1883 3561 1941 3643 Vt
1964 3569 2166 3646 'constituta

276 3753 364 3822 erat.
421 3737 478 3820 Ea
519 3737 667 3844 quidem
705 3741 846 3818 ratione
878 3737 1098 3819 bibliotheca
1138 3751 1264 3819 nostra
1301 3739 1488 3846 plerisque
1522 3741 1648 3820 alienis
1681 3741 1797 3844 longe
1827 3753 2006 3850 praestat,
2051 3747 2165 3852 quod,
2221 3697 2231 3710 Ι

277 3946 372 4028 quae
401 3915 448 4002 ex
475 3919 663 4001 codicibus
693 3917 928 4000 orientalibus
962 3920 1045 4000 alibi
1074 3924 1290 4026 saepissime
1328 3947 1440 4026 casu,
1475 3924 1558 4002 sive
1588 3933 1628 4040 ut
1659 3922 1778 4027 spolia
1807 3947 1854 4002 ex
1886 3923 1992 4005 bellis
2025 3951 2166 4033 repor-

276 4116 347 4184 tata
383 4107 464 4184 sive
506 4102 576 4183 alio
614 4101 724 4182 modo
767 4114 967 4206 congesta,
1005 4105 1256 4212 inveniuntur,
1297 4103 1357 4184 hic
1390 4106 1581 4184 maalmam
1616 4115 1757 4209 partem
1791 4117 1893 4187 certo
1935 4110 2096 4190 consilio
2129 4125 2166 4192 et
2212 4121 2221 4136 '

277 4270 422 4370 summo
453 4285 582 4369 labore
603 4261 786 4388 ¹aequisita
818 4295 913 4363 sunt.
975 4282 1116 4377 Quibus
1146 4289 1257 4390 igitur
1289 4289 1495 4390 praecipuis
1525 4286 1725 4367 rationibus
1753 4291 1860 4392 eopia
1895 4289 2065 4372 caucum
2079 4293 2166 4373 He-

278 4471 486 4551 braicorum
520 4478 557 4546 et
580 4463 823 4546 Arabicorum
852 4470 889 4545 in
914 4465 1172 4546 bibliothecam
1199 4479 1362 4547 nostram
1392 4467 1477 4546 olim
1505 4465 1743 4573 confluxerit,
1776 4474 1903 4574 paucis
1919 4417 2165 4556 'commemo-

174 4651 178 4660 ’
213 4591 230 4610 Ι
279 4676 362 4732 rare
394 4651 501 4730 nobis
531 4650 648 4729 liceat.
705 4645 885 4727 Eximium
922 4657 1004 4728 aule
1042 4651 1163 4729 omnia
1203 4627 1327 4727 locum
1357 4657 1457 4727 tenet
1491 4648 1673 4754 expeditio
1715 4651 1773 4730 illa
1788 4613 1795 4638 ¹
1810 4653 1993 4736 orientalis
2030 4685 2051 4738 a
2083 4663 2164 4739 viro

277 4833 466 4951 immortali
496 4831 709 4912 Niebuhrr'o
736 4836 772 4909 e't
793 4831 929 4908 itineris
958 4833 1070 4909 sociis
1095 4833 1264 4935 auspiciis
1290 4828 1328 4909 b.
1354 4855 1401 4909 m.
1420 4828 1465 4912 tt.
1483 4829 1743 4917 precarer.
1769 4861 1802 4914 a.
1826 4833 2162 4920 MDCCth—Vl.

279 5043 325 5098 eo
346 5017 499 5097 consilio
526 5023 713 5118 susceptam
747 5024 785 5090 ut
813 4973 1148 5116 nova'adjumenta,
1177 5011 1309 5116 quibus
1328 5011 1446 5091 studia
1465 5011 1662 5093 litterarum
1678 5040 1863 5095 sacrarum
1881 5027 1917 5094 et
1938 5017 2162 5100 orientalium

278 5201 458 5304 lupatria
489 5197 684 5299 alerentur,
717 5194 879 5299 undique
911 5203 1215 5298 congenerantur.
1276 5191 1344 5288 Qui
1382 5193 1555 5274 uberrimi
1596 5195 1734 5276 lructus
1772 5187 1857 5274 inde
1886 5201 2050 5302 percepti
2078 5203 2163 5306 sint,
2225 5247 2227 5250 ·

237 5435 244 5450 -
279 5379 447 5460 omnibus
476 5371 603 5461 nutum
632 5389 708 5458 est:
742 5371 814 5460 ch·
847 5378 926 5456 lere
959 5377 1108 5456 codices
1141 5373 1335 5478 hebraici,
1366 5373 1537 5480 Arabici,
1568 5375 1706 5455 Persici
1739 5377 1893 5456 maxime
1922 5381 1958 5456 in
1987 5339 2179 5488 Aegypto⁸

122 5621 126 5632 .
279 5587 366 5644 cura
398 5555 729 5680 viri'celeberrimi
762 5523 883 5662 Fur-id.¹
899 5555 986 5638 Chr.
1016 5541 1075 5637 de'
1093 5557 1231 5637 Hauon
1260 5560 1416 5660 coempti
1447 5557 1491 5636 ad
1521 5555 1776 5636 bibliothecam
1815 5564 1954 5664 regiam
1984 5535 2163 5670 accessa-‚-

217 5723 223 5730 ⁵
280 5757 373 5828 runt
431 5738 489 5829 Ex
527 5741 717 5823 codicibus
751 5739 942 5820 Hebraicis
976 5743 1012 5821 in
1053 5739 1125 5818 hoc
1167 5742 1294 5818 itinere
1333 5741 1517 5845 acquisitis
1546 5737 1825 5824 Konnicottiue
1859 5743 1903 5822 ad
1934 5768 2028 5850 opus
2057 5771 2163 5828 suum
2277 5737 2279 5740 ’
