5154 6494
1227 402 1292 514 ll

309 649 393 725 153.
412 673 454 740 r.,
472 651 608 726 etinter
624 651 815 750 Prophetas
826 663 862 728 et
878 650 1238 752 Hagiographaprima
1279 665 1369 748 sunt3
1378 675 1541 732 numeros
1552 658 1698 753 capitum
1710 658 1897 733 octodecim
1906 652 2209 754 primorumGene·

306 775 439 871 pagina
461 772 619 848 columna
645 775 707 848 iol.
734 776 821 852 227.
847 800 875 848 6.
907 818 951 830 -
981 774 1143 850 0616666
1170 780 1237 852 alia
1279 783 1328 854 sis
1339 783 1579 855 seriormanus
1588 784 1622 853 in
1632 785 1784 874 margine
1799 782 1989 878 adscripsit.
2001 780 2129 854 'lomus
2140 799 2208 851 se-

307 895 476 994 quadam,
514 920 589 992 quae
614 901 649 970 in
675 907 772 971 textu
798 899 978 972 scribendo
1004 900 1236 991 negligentius
1278 902 1427 1006 eundns,
1442 903 1603 976 loliorum
1620 905 1706 995 191,
1727 906 1917 1002 Prophetas
1931 904 2067 1000 priores
2083 909 2208 998 poste-

305 1022 434 1092 omissa
458 1019 608 1111 fuemnt,
635 1025 669 1092 in
694 1025 847 1114 margine
874 1033 932 1096 aut
949 1027 1038 1098 inter
1061 1024 1236 1098 columnas
1278 1027 1456 1120 rioresque
1483 1025 1602 1098 ordine
1627 1005 1791 1122 recepto,
1819 1038 1855 1101 et
1879 1039 1957 1125 post
1974 1025 2038 1098 hos
2055 1022 2208 1098 Chroni-

303 1143 475 1239 adscripta
491 1154 582 1235 sunt,
603 1143 712 1217 literis
729 1145 912 1240 quadratis,
931 1147 1083 1223 fortasse
1100 1148 1235 1221 aeodi-
1277 1170 1395 1220 corum
1421 1147 1725 1223 11166660611661.
1778 1150 1863 1223 Dure
1894 1151 1993 1223 huius
2019 1149 2102 1221 tomi
2125 1146 2207 1244 pla-

304 1267 355 1339 cis
387 1276 600 1362 punctatore.
630 1308 674 1320 —
703 1267 917 1344 Psalmorum
952 1271 1049 1344 libris
1078 1282 1236 1367 quattuor
1277 1271 1366 1363 gula
1401 1271 1491 1343 male
1522 1275 1737 1368 transpositae
1772 1283 1868 1362 sant3
1903 1294 2004 1368 quum
2038 1294 2099 1363 ea,
2133 1291 2207 1366 qne
2346 1377 2348 1382 ι

303 1389 566 1487 posterioribus,
594 1391 650 1484 qui
670 1412 778 1486 parvo
794 1394 975 1467 interstitio
999 1395 1234 1490 apraeceden-
1277 1395 1383 1487 foliis,
1404 1405 1441 1468 ut
1466 1419 1556 1468 nunc
1574 1405 1665 1488 sunt,
1695 1397 1904 1470 tat-184.
1931 1403 2077 1484 constat,
2103 1403 2206 1466 ante-

304 1513 395 1586 tihus
421 1523 643 1608 separantur,
691 1513 779 1585 tituli
814 1513 916 1588 additi
952 1527 1031 1590 sunt
1064 1519 1235 1615 quadratis
1278 1519 1432 1611 cedenti,
1458 1519 1521 1592 fol.
1560 1517 2046 1616 169-176.,praep0nenda
2071 1517 2204 1590 fuisset.
2347 1525 2354 1532 “

304 1635 413 1709 literis
435 1635 631 1726 majoribus.
688 1635 830 1710 Seriore
848 1649 960 1732 autem
985 1663 1088 1712 manu
1113 1642 1235 1715 rabbi·
1278 1642 1406 1716 'lomus
1431 1645 1551 1716 tertius
1574 1641 1660 1714 lolia
1685 1640 1789 1714 habet
1823 1641 1894 1734 66,
1926 1644 1962 1715 16
1987 1661 2131 1736 quorum
2156 1639 2205 1712 64

304 1761 380 1832 nica
406 1758 618 1850 singulorum
644 1757 809 1832 librorum
825 1763 910 1834 tituli
921 1785 985 1858 per
1001 1774 1109 1836 totum
1133 1765 1235 1838 codi-
1276 1765 1447 1860 prioribus
1473 1776 1589 1838 cetera
1608 1763 1853 1859 Hagiographa
1877 1763 1944 1836 hoc
1970 1765 2089 1836 ordine
2115 1783 2205 1849 606-

304 1903 380 1955 cern
405 1885 520 1978 scripti
545 1891 623 1985 sunt
648 1883 797 1977 itemque
816 1887 961 1980 capitum
983 1891 1116 1958 numeri
1135 1888 1236 1960 additi
1277 1891 1443 1961 tinentur:
1483 1888 1632 1977 Psalmi,
1665 1885 1877 1976 Proverbia,
1908 1885 2033 1978 totus,
2067 1885 2204 1978 Daniel,

305 2003 489 2078 secumdum
504 2003 685 2095 vulgarem
701 2003 913 2078 divisionem.
934 2047 980 2060 —
995 2007 1086 2080 Ordo
1097 2009 1235 2101 Hagio-
1276 2010 1365 2082 Esra
1376 2013 1472 2102 (eum
1481 2011 1680 2102 Nebemia),
1706 2008 1811 2101 Ruth,
1825 2005 1936 2102 Cant,
1947 2009 2043 2102 Thn,
2054 2008 2204 2100 606166,

302 2128 510 2224 graphorum
522 2126 576 2198 hio
586 2136 657 2199 est:
684 2125 788 2220 Ruth,
815 2128 955 2221 Psalmi,
981 2130 1104 2221 Jobus,
1115 2132 1232 2223 Prov,
1275 2132 1412 2206 Esther.
1471 2132 1511 2206 In
1544 2135 1638 2204 initio
1674 2141 1788 2204 autem
1829 2135 1912 2206 tomi
1944 2154 2048 2204 unum
2083 2131 2208 2230 101166-

303 2251 460 2341 1166166,
519 2247 637 2342 Cant,
674 2249 769 2342 Thn,
796 2251 933 2344 Daniel,
966 2251 1107 2346 Esther,
1143 2254 1233 2328 Esra
1275 2255 1391 2345 deest;
1417 2255 1479 2328 iol.
1509 2256 1540 2329 1.
1567 2258 1658 2328 enim
1690 2257 1807 2350 incipit
1816 2255 1935 2328 verbis
1961 2257 2019 2329 Ps.
2048 2256 2108 2347 10,
2136 2255 2201 2329 14:

303 2377 399 2466 [cum
418 2371 597 2466 Nehem.),
627 2371 756 2448 chron:
779 2375 1026 2471 Prophetarum
1043 2376 1127 2450 ordo
1146 2376 1232 2451 vul-
1277 2381 1371 2476 66016
1397 2389 1468 2478 aig!
1496 2381 1594 2475 66*οῃ
1628 2400 1730 2474 quum
1751 2399 1837 2452 vero
1863 2381 1992 2476 prima,
2015 2400 2089 2474 quae
2113 2400 2204 2452 nunc

302 2501 396 2592 garis
424 2506 487 2571 est.
694 2540 697 2549 ‹
872 2481 878 2488 ²
1275 2513 1351 2594 est,
1384 2501 1525 2598 plagula
1550 2503 1686 2594 integra
1720 2503 1776 2594 sit,
1803 2510 1881 2574 octo
1906 2501 1991 2574 folia
2024 2501 2202 2597 6060166-

403 2617 1232 2716 11666606160666661016661160666,666-
1274 2636 1372 2716 tens,
1409 2635 1584 2721 postrema
1617 2634 1731 2696 autem
1763 2627 1846 2696 tomi
1887 2624 2026 2699 secundi
2063 2625 2202 2721 plagula

303 2767 404 2842 quam
426 2742 608 2816 indicatum
633 2751 697 2815 est.
1016 2751 1018 2756 ’
1273 2751 1409 2823 nonnisi
1443 2757 1575 2844 septem
1603 2747 1750 2837 haheat,
1788 2769 1865 2820 cum
1898 2747 1963 2820 hac
1988 2751 2202 2840 conjunctum

405 2867 446 2942 ln
471 2865 631 2957 catalogo
649 2867 920 2940 Kenatcottr'cao
937 2875 1073 2942 notatur
1088 2894 1230 2946 numero
1272 2873 1381 2946 fuisse
1405 2853 1544 2946 videtur
1562 2868 1682 2942 folium
1701 2868 1806 2959 illud,
1845 2869 1936 2965 quod
1955 2873 2074 2966 periit,
2108 2871 2202 2946 unde

298 2973 389 3068 176.
439 2989 562 3065 Codex
588 2989 857 3098 Niebuhr-ionae,
884 2991 1068 3066 secundum
1093 2995 1231 3070 catalo-
1273 2997 1390 3090 colligi
1415 3003 1560 3093 potest,
1601 3015 1699 3084 eum,
1738 2995 1796 3089 qui
1829 2993 1982 3084 codicem
2014 2995 2202 3090 scripserit,

303 3139 384 3211 gum
408 3113 643 3190 Bibliothecae
669 3112 803 3206 Regiae
829 3117 1012 3212 antiquum.
1271 3143 1342 3194 606
1367 3120 1525 3193 diversos
1548 3126 1661 3190 tomos
1675 3115 1905 3208 ‘distinguere
1929 3117 2106 3209 voluisse,
2139 3116 2202 3192 sed

1135 3303 1137 3306 .
1271 3244 1379 3336 hanc,
1423 3265 1497 3338 que
1531 3238 1622 3314 lacta
1647 3245 1722 3332 est,
1761 3238 1966 3316 divisionem
1991 3239 2202 3317 alii‘cuidam

1003 3459 1004 3464 .
1197 3363 1200 3372 ’
1270 3367 1399 3441 deberi.
1452 3366 1498 3440 Ut
1522 3364 1656 3437 numeri
1681 3361 1897 3436 Psalmorum
1923 3387 1944 3436 a
1969 3365 2077 3460 prima
2098 3387 2201 3440 6666

634 3447 895 3553 ἯῘᾸΧ·
1270 3493 1306 3563 16
1338 3491 1492 3582 margine
1527 3487 1687 3583 adscripti
1715 3496 1816 3578 sunt,
1849 3489 1897 3560 ita
1931 3489 1966 3560 in
1998 3485 2087 3561 libro
2119 3486 2200 3564 lobi

1271 3633 1407 3708 quoque
1437 3611 1581 3704 singule
1610 3629 1835 3708 personarum
1868 3608 2078 3703 loquentium
2112 3633 2199 3685 ora-

1269 3739 1381 3808 tiones
1407 3737 1529 3827 vigiati
1554 3754 1680 3807 novem
1694 3733 1858 3822 numeris,
1885 3730 2047 3804 distincta
2073 3742 2108 3808 et
2127 3755 2199 3807 no-

487 3677 537 3762 (rt.
558 3675 651 3741 1-6.
672 3675 704 3740 16
726 3675 790 3758 110,
813 3615 884 3742 olim
905 3673 942 3742 11.
970 3677 1037 3755 11.)

320 3877 327 3882 ’
405 3866 528 3942 Codex
546 3865 682 3940 Veteris
713 3865 925 3939 Testamenti
947 3863 1228 3941 membranaceus
1269 3865 1461 3932 11166661.

300 3998 337 4068 in
354 3995 423 4085 41⁰,
441 3989 604 4089 quadrato
621 3988 819 4062 charactere
832 3987 973 4086 pulchre
989 3997 1026 4064 61
1047 3989 1229 4085 diligenter
1277 4037 1283 4050 .
1368 3979 1642 4055 EPenlaleuehi
1666 3977 1763 4054 libris
1789 3977 1933 4051 Exodus
1959 3987 1995 4052 et
2019 3976 2198 4052 Deutero-

145 4122 151 4133 '
189 4167 195 4176 ·
301 4121 460 4215 scriptus,
483 4137 560 4187 666
574 4115 708 4210 punctis
724 4113 907 4187 vocalibus
931 4124 967 4186 et
982 4113 1177 4188 accentibus
1194 4126 1230 4189 et
1269 4109 1418 4180 606166
1444 4108 1479 4178 16
1506 4127 1665 4201 suprema
1697 4113 1795 4200 parte
1820 4103 1986 4174 6016666
2017 4103 2198 4197 incipiunt;

300 4236 1041 4336 6606616606.166661116066616666
1061 4239 1228 4313 columnia
1270 4230 1445 4305 Leviticus
1480 4238 1515 4302 et
1540 4227 1683 4302 Numeri
1708 4236 1866 4324 quattuor
1897 4224 2064 4298 tinearum
2088 4227 2198 4320 spatio

299 4364 489 4459 descriptus
497 4371 562 4453 est,
572 4363 726 4456 exceptis
734 4359 830 4432 libris
840 4353 918 4453 nuh
929 4364 985 4457 qui
993 4361 1081 4434 binis
1090 4363 1228 4435 colum·
1270 4375 1291 4428 a
1310 4352 1580 4450 precedentibus
1595 4361 1806 4449 separantur.
1829 4397 1832 4406 ,
1862 4348 2042 4444 Propheta
2062 4350 2198 4444 priores

299 4491 353 4561 nis
369 4497 416 4578 et,
432 4488 461 4559 si
476 4485 652 4582 prosaicus
663 4483 742 4556 libri
755 4483 835 4556 lobi
846 4493 961 4579 partes
975 4486 1142 4580 excipias,
1160 4487 1229 4558 sti·
1271 4487 1306 4551 et
1323 4499 1344 4550 e
1364 4475 1614 4574 posterioribus
1639 4477 1787 4547 maiores
1805 4474 1918 4564 trium,
1936 4470 2198 4544 6160666666-
2215 4550 2222 4556 ,

299 4610 506 4684 0106616166
516 4607 632 4703 6661011
641 4607 825 4694 sunt3item
837 4605 1088 4702 poeticislocis,
1098 4611 1154 4706 qui
1164 4631 1228 4685 suo
1270 4623 1365 4692 rum,
1399 4598 1643 4694 llagiographa
1676 4597 1877 4694 plerumque
1897 4598 1998 4668 trium
2032 4595 2198 4668 linearum

299 4732 401 4806 modo
412 4730 514 4806 scribi
522 4731 653 4804 solentz
666 4727 778 4803 Exod.
788 4751 817 4802 c.
830 4730 889 4822 15,
900 4730 1000 4802 Dent.
1014 4751 1043 4803 c.
1054 4731 1116 4825 32,
1130 4731 1228 4807 1666.
1270 4727 1381 4822 606110
1398 4733 1609 4822 separantur.
1642 4719 1984 4813 samartanum,
2010 4719 2197 4815 0666616-
2309 4709 2317 4722 “

300 4877 330 4927 6.
350 4859 383 4929 5.
403 4865 438 4928 et
463 4855 487 4928 2
516 4855 608 4933 Sam.
635 4877 665 4928 o.
685 4854 746 4930 22.
797 4853 985 4932 vocalibus
1011 4863 1106 4928 earet
1130 4853 1228 4929 locus
1270 4849 1342 4942 guli
1375 4846 1454 4951 11161
1483 4847 1677 4939 continent,
1723 4833 1964 4938 nominaquam
1996 4839 2040 4914 ad
2066 4838 2196 4912 calcem

299 4977 400 5052 Num.
435 4981 473 5072 7,
501 4979 662 5053 19-83,
697 4981 854 5075 exceptis
880 4987 1009 5052 tantum
1040 4980 1228 5051 11666661-
1270 4993 1389 5046 eorum
1414 4969 1559 5050 indicata
1579 4971 1761 5066 reperitur,
1786 4989 1857 5042 uon
1877 4985 2024 5059 semper.

299 5101 384 5194 bus,
411 5106 468 5200 qui
493 5102 709 5200 sepiuslroo
736 5080 896 5199 respectu
922 5103 1137 5198 excipiuntur
1163 5099 1226 5191 (61.
1372 5093 1513 5167 11166066
1539 5116 1664 5186 magna
1692 5092 1795 5167 solito
1833 5088 1934 5164 6066
1973 5085 2098 5180 scripta
2129 5093 2195 5176 est,

300 5225 646 5319 eodd.ll.lll.etV.);
674 5205 834 5300 accentus
848 5237 962 5305 autem
979 5225 1124 5322 adpositi
1138 5234 1226 5299 sunt.
1269 5218 1357 5292 binis
1382 5219 1417 5290 in
1443 5219 1635 5315 superiore,
1662 5209 2015 5288 16661616161661066
2040 5210 2196 5300 margine

393 5348 517 5424 Codex
532 5353 568 5422 in
583 5359 654 5422 tres
671 5359 783 5422 tomos
798 5349 929 5422 divisus
948 5359 1014 5440 661,
1033 5350 1091 5444 qni
1107 5351 1143 5422 in
1160 5369 1227 5420 una
1268 5340 1379 5416 lineis.
1431 5340 1636 5436 Plerumque
1659 5341 1694 5412 in
1719 5336 1799 5427 hoc,
1825 5344 1861 5408 61
1884 5354 1976 5430 saepe
2002 5353 2138 5430 quoque
2160 5332 2196 5406 ia

299 5472 400 5546 theca
417 5481 652 5547 asservantur.
690 5471 824 5546 Primus
843 5481 970 5565 tomus,
994 5455 1080 5545 iolla
1093 5469 1226 5544 hahens
1268 5465 1329 5538 illo
1364 5467 1399 5536 in
1443 5466 1559 5536 varias
1593 5462 1720 5555 ligurus
1754 5457 1924 5555 descripta
1958 5466 1994 5530 et
2034 5453 2198 5554 producta

302 5593 365 5685 93,
390 5594 1090 5669 1611.4-91.60611661Ρ66161666166.
1116 5594 1229 5668 Prima
1268 5599 1333 5661 est.

301 5738 376 5790 vox
385 5738 519 5790 naus-m
527 5721 643 5794 aureis
661 5718 770 5790 literis
781 5722 872 5813 picta
889 5728 944 5792 est
961 5719 1228 5814 ommnentoque
1371 5711 1501 5785 Praeter
1515 5730 1571 5799 ea,
1597 5703 2043 5804 066666066611160666
2064 5704 2196 5776 textum

304 5841 422 5914 cincta.
448 5841 697 5916 Pamscharum
718 5843 811 5916 initia
836 5841 941 5918 solito
967 5842 1068 5916 6060
1085 5841 1230 5914 indicata
1271 5833 1457 5926 exhibent,
1501 5841 1613 5910 tomus
1646 5835 1774 5932 primns
1809 5827 1853 5902 ab
1884 5829 1978 5902 initio
2012 5827 2077 5898 tria
2109 5820 2194 5895 lolia

1760 5957 1801 6020 a*
