5154 6494
1196 427 1266 576 a

706 677 771 776 X,
1244 693 1335 754 taras
1373 691 1530 777 receptas
1567 681 1697 754 obtinet
1732 687 1820 757 inter
1854 683 2101 782 Hispanienses
2137 697 2173 760 et

1201 819 1206 826 '
1244 803 1522 878 Germanicianos
1534 805 1672 877 Judaeos
1690 806 1928 904 discrepantia,
1939 810 2051 883 codex
2069 810 2171 884 modo

1242 949 1319 1000 cum
1344 927 1396 1000 his
1422 928 1523 1000 modo
1548 951 1624 1000 cum
1649 930 1717 1002 illis
1743 930 1834 1004 facit.

377 1050 500 1125 Codex
532 1050 810 1124 membranaceus
837 1053 872 1122 in
897 1049 996 1140 lolio,
1020 1049 1106 1122 lolia
1133 1049 1201 1122 ha·
1350 1051 1540 1124 Chaldaicae
1575 1054 1805 1149 paraphrases
1847 1059 1975 1151 passim
2001 1077 2114 1153 quum·
2137 1063 2172 1133 in

273 1173 464 1266 1000350,
493 1174 662 1271 quadratis
678 1174 786 1246 literis
802 1172 989 1267 iisdemque
1006 1175 1199 1265 majusculis
1242 1177 1425 1270 scriptione
1451 1178 1698 1250 vocabulorum
1724 1187 1794 1249 tum
1819 1183 1854 1251 in
1878 1183 1962 1275 ipsis
1987 1183 2131 1258 vocibus
2151 1208 2171 1256 a

273 1311 449 1390 exaratus,
475 1320 551 1369 cum
576 1300 708 1393 punctis
732 1295 911 1369 vocalibus
939 1306 974 1368 ct
991 1298 1199 1390 accentibus,
1243 1309 1338 1372 textu
1365 1299 1550 1372 eorundum
1576 1303 1612 1373 in
1638 1301 1737 1374 libris
1762 1300 1860 1374 editis
1888 1325 2058 1399 expresso
2077 1327 2172 1378 nou-

273 1433 461 1496 atramento
487 1443 577 1493 nunc
594 1421 706 1492 multis
724 1422 759 1491 in
776 1419 862 1490 locis
880 1420 1057 1492 admodum
1071 1421 1199 1516 pallido
1240 1422 1323 1495 nihil
1349 1424 1513 1496 differunt.

273 1547 460 1641 adscriptis.
502 1544 601 1617 Initio
624 1543 761 1616 mutilus
781 1553 847 1634 est,
875 1553 909 1615 et
935 1544 1084 1638 quedam
1103 1567 1199 1640 prae-
1343 1545 1464 1620 Codex
1487 1549 1633 1642 scriptus
1653 1545 1810 1620 cathinis
1830 1549 2010 1641 columnis,
2036 1573 2172 1648 excep-

272 1682 368 1744 terea
393 1670 477 1742 lolia
502 1668 654 1741 nonnihil
671 1667 829 1738 lacerata.
866 1664 1067 1740 Continetur
1086 1671 1120 1739 in
1137 1690 1212 1740 eo:=
1240 1673 1281 1742 tis
1309 1679 1436 1742 tantum
1463 1670 1570 1742 tribus
1596 1671 1779 1765 postremis
1806 1675 1961 1765 paginis,
1996 1673 2057 1747 101.
2086 1676 2171 1749 349.

506 879 970 960 OEdmfflfflMNm

274 1796 315 1887 1)
343 1787 622 1881 Pentateucbaa,
666 1791 828 1863 debraico
852 1799 886 1864 ct
912 1793 1114 1884 chaldaice,
1153 1796 1197 1864 ita
1240 1817 1274 1866 v.
1302 1804 1339 1866 et
1364 1793 1387 1865 1.
1409 1793 1650 1883 350.r.etv.‚
1673 1793 1849 1888 inquibus
1870 1799 2030 1870 continua
2056 1798 2172 1871 linea·
2302 1875 2305 1880 ,

272 1921 440 2014 scriptus,
476 1927 513 1988 ut
539 1914 682 2006 singulis
708 1915 868 1988 versibus
903 1914 1072 1988 hebraicis
1098 1917 1199 1988 chal·
1240 1939 1315 1988 rum
1350 1919 1487 2012 scriptio
1524 1905 1672 1990 adhibita
1707 1927 1782 2008 est,
1824 1918 2047 2014 probabiliter
2083 1923 2173 2018 quod

271 2041 357 2113 daici
376 2065 423 2113 cx
439 2040 606 2113 Onhelosi
618 2037 818 2134 paraphrasi
836 2037 1064 2130 subjiciantur.
1088 2039 1199 2113 Chal·
1241 2041 1390 2136 alioquin
1416 2041 1611 2112 membrana
1647 2039 1689 2112 ad
1721 2043 1834 2114 omnia
1866 2043 2069 2138 perficienda
2102 2067 2173 2120 non

271 2165 367 2238 daim
411 2167 522 2237 textui
563 2172 727 2236 accentus
756 2163 891 2256 parcius
928 2162 1087 2260 adscripti
1122 2175 1200 2239 sunt
1240 2163 1453 2254 suffecisset,
1494 2163 1583 2260 quod
1610 2163 1745 2258 quidem
1771 2165 1824 2237 his
1856 2165 1975 2238 verbis
2001 2167 2043 2238 ud
2069 2168 2173 2241 linem

272 2311 372 2385 quam
398 2289 582 2376 hebraico;
609 2296 644 2358 at
657 2287 793 2358 minime
819 2306 960 2380 prorsus
976 2285 1108 2359 desunt.
1135 2287 1199 2358 ln·
1240 2287 1365 2358 ultimae
1390 2289 1543 2381 pagina,
1588 2309 1677 2358 nuno
1713 2309 1760 2359 cx
1794 2298 1892 2384 parte
1927 2290 2172 2385 propemodum

271 2415 351 2508 cipit
380 2411 493 2484 codex
518 2411 579 2482 101.
609 2410 642 2482 1.
668 2433 696 2482 r.
725 2408 843 2481 verbis
870 2405 957 2482 Gen.
985 2411 1021 2501 7,
1043 2409 1101 2482 11.
1129 2420 1199 2505 aaa
1241 2409 1375 2502 deletis,
1396 2409 1545 2482 indicare
1572 2410 1728 2483 voluisse
1742 2410 1879 2494 videtur
1906 2411 2031 2484 codicis
2057 2417 2172 2510 scrip·
2222 2412 2232 2424 '

267 2539 360 2628 ripn}
382 2549 452 2609 ab.
491 2533 604 2606 Locus
630 2532 729 2606 Num.
754 2533 790 2622 7,
818 2531 980 2604 24-83.
1000 2534 1200 2630 paraphrasi
1241 2543 1311 2606 tor:
1365 2551 1442 2630 nro:
1467 2552 1553 2606 narn
1579 2555 1686 2606 anana
1715 2553 1811 2608 nram
1837 2537 1885 2608 ha
1914 2554 2027 2636 armna
2053 2555 2171 2611 nauum

271 2656 448 2730 chaldaica
467 2669 572 2749 caret,
595 2667 631 2730 et
646 2680 706 2730 vv.
724 2655 885 2728 32-83.
901 2657 1073 2729 vocalium
1098 2661 1199 2730 etiam
1838 2677 1957 2750 prr-tn
1983 2679 2057 2732 tter:
2081 2679 2172 2733 nauti

271 2781 398 2872 signis;
426 2793 584 2855 accentus
610 2791 735 2870 autem,
767 2781 824 2874 qui
849 2778 957 2870 vulgo
982 2791 1199 2876 usurpantur,
1343 2781 1378 2852 A
1406 2782 1572 2875 scriptore
1598 2780 1652 2853 hic
1681 2782 1914 2877 illioquaedam
1941 2782 2172 2874 negligentius

271 2903 425 3000 plerique
455 2903 612 3002 adscripti
638 2914 725 2977 suut.
753 2902 903 2994 Singulae
919 2902 1008 2994 legis
1021 2903 1200 2976 Paraschae
1241 2903 1369 2976 omissa
1393 2903 1550 2994 suerum,
1586 2925 1660 3000 quae
1686 2908 1721 2979 in
1747 2905 1955 2998 marginibus
1979 2903 2100 2978 deiude
2126 2905 2170 2978 ah

271 3025 435 3099 distincta
461 3039 540 3101 sunt
564 3031 686 3124 partim
711 3027 895 3120 majoribus
921 3027 1051 3118 literis,
1078 3025 1199 3122 quibus
1241 3028 1336 3120 ipso,
1366 3036 1404 3098 ut
1435 3027 1590 3120 videtur,
1626 3029 1795 3125 adscripta
1825 3039 1913 3104 sunt.
1978 3028 2171 3102 Discrimcn

272 3152 404 3246 scriptae
430 3161 509 3224 sunt
529 3173 637 3226 voces
656 3173 773 3225 earum
789 3151 949 3241 initiales,
973 3153 1094 3246 partim
1112 3171 1199 3246 spa·
1242 3149 1417 3222 literarum
1454 3151 1718 3242 majuscularum
1758 3161 1793 3225 ct
1831 3152 2097 3224 minuscularum
2135 3157 2171 3225 in

271 3277 318 3348 tio
342 3278 442 3347 unius
475 3275 662 3348 duorumve
696 3275 861 3346 linearum
885 3273 1085 3370 plerumque
1111 3277 1200 3347 inter
1240 3275 1342 3346 certis
1376 3271 1575 3369 quibusdam
1607 3275 1771 3366 vocibus,
1799 3285 1901 3371 atque
1927 3268 2012 3366 alia‚'
2036 3298 2110 3370 quac
2134 3278 2170 3348 in
2216 3351 2219 3359 ,

271 3419 332 3472 eas
355 3399 487 3471 relicto.
543 3398 678 3491 Singuli
696 3397 917 3470 Pentateuchi
943 3397 1021 3470 libri
1042 3408 1200 3494 quattuor
1241 3397 1428 3490 scriptione
1444 3397 1598 3470 codicum
1610 3398 1653 3476 V.
1666 3399 1706 3472 Τ.
1721 3399 1829 3492 vulgo
1842 3400 2024 3474 observari
2044 3398 2170 3489 solent,

271 3499 501 3618 autquinque
527 3525 694 3596 linearum
719 3525 829 3618 spatio
850 3530 1060 3617 separantur.
1094 3503 1199 3592 Tituli
1241 3522 1378 3592 omnino
1404 3519 1569 3612 neglexit.

272 3655 386 3718 autem
410 3647 494 3719 nulli
520 3648 657 3719 omnino
685 3643 814 3717 adsunt.
868 3643 913 3734 2)
938 3643 1049 3716 Finito
1063 3644 1200 3717 Deutc-
1225 3649 1227 3690 ³
1329 3643 1421 3740 Quo
1437 3645 1748 3739 temporcscriptus
1774 3647 1818 3717 sit
1843 3641 1956 3716 codex
1970 3651 2028 3717 aut
2051 3666 2172 3739 aquo,

271 3771 426 3840 rouomio
468 3767 529 3842 101.
558 3769 643 3842 281.
677 3793 704 3840 r.
742 3768 808 3841 col.
837 3767 873 3840 2.
909 3767 995 3840 med.
1035 3767 1200 3840 adduntur
1240 3787 1407 3860 nusquam
1432 3764 1614 3838 iudicatum
1639 3769 1818 3861 reperitur.
2240 3857 2241 3864 ἵ

271 3897 418 3990 quinque
434 3895 626 3988 llepillotd',
652 3893 826 3982 hebraice,
853 3890 919 3964 hoc
938 3891 1074 3965 ordine:
1094 3885 1199 3966 'Can-
1340 3887 1460 3960 Emtus
1483 3887 1548 3960 luit
1573 3912 1594 3960 a
1620 3887 1711 3961 Frid.
1737 3888 1931 3981 Rostgaard
1957 3890 2112 3964 Venetiis
2139 3915 2172 3962 a.

272 4019 372 4088 ticum
398 4021 627 4107 canticorum,
669 4015 781 4106 Ruth,
824 4015 972 4106 threni,
1015 4013 1079 4106 (ad
1104 4017 1200 4088 otuius
1245 4009 1352 4083 1699.
1380 4053 1423 4064 -
1460 4011 1500 4084 ln
1525 4033 1671 4084 recensu
1703 4011 1877 4103 codicum,
1919 4015 1977 4110 qui
2011 4014 2054 4086 ad
2086 4037 2172 4111 opus

271 4142 370 4212 linem
395 4140 472 4213 libri
497 4143 641 4236 repetita
673 4151 751 4212 sunt
783 4159 934 4212 eversu
968 4137 1028 4211 21.
1051 4161 1125 4235 cap.
1152 4141 1201 4210 5ιί
1242 4133 1537 4208 Keunicottianurn
1553 4137 1740 4211 examinati
1759 4134 1910 4227 fuerunt,
1938 4138 1991 4210 hio
2007 4157 2077 4210 non
2093 4159 2172 4209 me-

269 4263 396 4336 verba:
419 4286 448 4362 23
464 4264 617 4364 aaran)
634 4263 877 4354 Ecclesiaste,
898 4262 999 4358 (post
1013 4285 1115 4358 quem
1129 4285 1200 4335 no·
1242 4266 1401 4331 moratur.

270 4397 340 4460 tata
367 4397 421 4460 est
446 4409 576 4460 summa
601 4389 750 4460 onmium
775 4407 939 4459 versuum
964 4388 1058 4460 eius:
1099 4381 1198 4478 091.)
1820 4463 1823 4474 ,

270 4509 406 4585 Esther.
437 4511 482 4604 3)
496 4510 691 4606 Sequuntur
709 4507 829 4582 deiude
842 4508 904 4582 101.
918 4507 1045 4581 tote
1071 4511 1200 4605 Hopd-
1661 4512 1755 4612 xl·

272 4636 391 4709 tareth
424 4655 486 4707 seu
522 4634 691 4705 lectiones
712 4633 938 4730 prophetica,
965 4635 999 4705 in
1024 4630 1198 4706 sabbathis

271 4759 415 4852 aliisque
441 4757 560 4828 diebus
586 4757 685 4830 festis
712 4756 880 4848 legendae,
905 4756 1086 4843 behroicc3
1121 4759 1198 4828 sin-

227 4869 228 4872 *
272 4880 362 4972 gulis
388 4869 610 4976 prenotatam
635 4890 709 4972 cst7
733 4881 777 4952 ad
800 4901 966 4976 quosnam
988 4878 1060 4953 dies
1087 4881 1198 4975 perti-
1344 4881 1465 4960 Codex
1488 4889 1769 4966 membranaceus
1796 4895 1831 4965 in
1855 4891 1968 4963 forma
1991 4889 2068 4962 10111
2093 4910 2171 4959 ma-

271 5013 394 5093 neant,
422 5001 590 5099 quibusve
616 5002 797 5077 Paraschis
825 5001 1064 5099 respondeant.
1095 5002 1200 5076 .Post
1241 5010 1337 5101 uinci,
1363 5008 1525 5086 foliorum
1550 5014 1645 5107 290,
1680 5013 1851 5112 quadratis
1878 5011 1985 5084 literis
2012 5013 2171 5107 scriptus,
2211 5029 2215 5034 ·

270 5124 463 5220 Haphtaras
493 5130 640 5224 quinque
666 5125 708 5199 ad
733 5126 860 5200 festum
886 5123 1062 5200 Paschatis
1087 5127 1199 5222 perti·
1240 5153 1317 5203 cum
1343 5135 1476 5226 punctis
1503 5135 1683 5210 vocalibus
1709 5145 1745 5208 ct
1770 5131 1977 5207 accentibus.

270 5257 393 5321 nentes
421 5246 484 5320 101.
504 5250 588 5323 339.
606 5273 634 5324 r.
660 5253 789 5322 inserta
808 5259 863 5322 est
880 5249 1065 5322 earundem
1082 5271 1200 5345 poro-
1343 5251 1603 5358 contineturnin
1626 5281 1688 5332 co:
1736 5257 1776 5348 1)
1802 5255 2073 5346 Pentateacbas,
2106 5257 2171 5330 bc-

247 5372 411 5473 ·phroeir
438 5374 626 5446 chaldaico
645 5373 869 5464 donationis,
895 5375 1078 5476 premissis
1103 5372 1198 5446 hisce
1241 5377 1360 5451 broicc
1387 5387 1422 5452 ei
1449 5381 1642 5473 chaldaice,
1668 5384 1715 5453 ita
1741 5381 1900 5474 scriptus,
1928 5387 1977 5470 ut,
2004 5380 2172 5473 quemad-

272 5496 450 5590 scriptoris
476 5495 619 5570 verbis:
642 5513 775 5567 arrunte
795 5500 844 5567 'aa
872 5513 968 5568 attan
995 5517 1100 5570 :anua
1128 5515 1198 5567 mna
1240 5500 1375 5572 modum
1400 5504 1435 5575 in
1459 5501 1533 5574 cod.
1557 5502 1615 5593 X.‚
1641 5504 1785 5594 singulis
1810 5502 1970 5578 versibus
2003 5501 2171 5577 hebraicis

273 5635 380 5705 nram
408 5618 509 5690 simili
535 5619 636 5691 modo
658 5617 825 5690 101341.
846 5639 880 5690 v.
905 5620 1035 5693 inserta
1060 5630 1115 5694 est
1130 5643 1198 5716 pa·
1240 5622 1460 5718 paraphrasis
1487 5645 1607 5696 eorum
1629 5625 1802 5699 chaldaica
1829 5626 1996 5702 Onlrelosi
2015 5626 2171 5716 subjecta

272 5736 447 5834 raphrasis
473 5739 614 5814 duarum
625 5739 873 5837 liaphtararum
896 5742 938 5814 ad
962 5742 1199 5818 lestumPen-
1241 5749 1305 5837 sit,
1341 5747 1377 5820 in
1404 5745 1490 5820 locis
1524 5747 1627 5822 modo
1656 5749 1799 5847 poeticis
1838 5747 1952 5823 Exod.
1990 5771 2020 5821 c.
2045 5748 2102 5817 15.
2136 5754 2172 5817 et

272 5871 423 5939 tecostcs
450 5868 698 5962 pertinentium.
736 5863 776 5938 ln
791 5887 845 5957 ea,
872 5887 947 5962 qua
974 5867 1199 5966 circaHaph·
1240 5869 1341 5943 Deut
1364 5890 1394 5942 c.
1414 5868 1472 5945 32.
1498 5870 1541 5948 ad
1566 5871 1655 5951 latus
1682 5883 1797 5949 textus
1824 5871 1975 5946 hebraici
2001 5870 2037 5940 iu
2058 5887 2169 5960 pecu-

1477 4711 1528 4785 (N.
1551 4715 1578 4775 5.
1601 4715 1632 4778 in
1653 4713 1718 4792 101,
1743 4713 1816 4778 olim
1836 4711 1872 4778 tt.
1894 4714 1939 4795 t.)
